3359 5725
613 560 895 629 CATALEOTA.
915 564 956 629 V.

195 722 396 809 Flauumque
416 735 551 824 propter
573 725 733 813 Thybrim
756 726 878 794 olentes
900 732 1067 795 nauticum

277 806 415 890 Vocare,
438 808 495 875 ubr
516 809 674 897 adpulsae
696 821 784 876 rates

196 889 291 955 Stant
311 890 344 954 in
365 891 461 955 vadis
483 914 583 958 caeno
605 903 751 959 retentae
772 894 905 961 sordido

276 973 453 1062 Macraque
474 976 633 1042 luctantes
655 1000 754 1065 aqua3

194 1056 307 1144 Neque
328 1058 362 1122 in
382 1057 522 1124 culinam
545 1069 576 1124 et
595 1070 694 1126 uncta
716 1060 903 1149 compitalia

279 1141 457 1290 Dapesque
479 1142 578 1208 duees
601 1143 761 1227 sordidas,

196 1221 322 1303 Quibus
345 1247 403 1312 rep
420 1236 490 1291 etus
512 1236 547 1292 ut
569 1226 719 1293 salivosis
741 1227 845 1293 labris

194 1360 219 1377 e
279 1306 424 1374 Obesam
443 1308 486 1373 ad
505 1332 643 1375 uxorem
666 1309 754 1375 redis

194 1388 239 1453 Et
260 1400 446 1457 aestuantes
466 1403 562 1458 nocte
584 1394 684 1459 solvis
706 1394 854 1481 pantices

277 1473 325 1539 Os
346 1498 448 1563 usque
470 1475 589 1541 lambis
611 1479 721 1543 saviis.

194 1556 289 1620 Nunc
310 1556 412 1639 laede,
434 1582 521 1625 nunc
542 1559 677 1644 lacesse,
701 1562 727 1626 si
748 1560 927 1648 quidquam
950 1561 1057 1627 vales:

277 1639 322 1705 Et
343 1664 460 1707 nomen
482 1643 635 1709 adscribo
657 1654 757 1710 tuum.

196 1722 341 1789 Cinaede
364 1725 457 1810 Luci,
479 1749 521 1792 an
542 1738 574 1792 te
593 1726 796 1815 reliquerunt
816 1750 908 1815 opes,

277 1808 381 1873 Fame
405 1833 445 1875 ue
467 1811 600 1896 genuini
621 1809 780 1898 crepant?

195 1889 323 1957 Videbo
344 1830 517 1958 habentem
538 1904 669 1981 praeter
690 1897 827 1980 ignavos
850 1892 930 1989 nihil

278 1973 415 2041 Fratres
436 1987 467 2042 et
488 1977 608 2042 iratum
628 1977 742 2044 Iovem

195 2181 405 2189 ———

196 2328 318 2384 liebriter
341 2327 446 2383 saltans
468 2326 600 2391 adducat,
624 2343 657 2383 ne
680 2329 827 2384 saltantem
849 2325 1013 2397 impediant3
1040 2328 1087 2382 sed
1107 2344 1160 2383 non
1178 2346 1245 2400 opus
1264 2332 1306 2385 est
1323 2329 1375 2384 hac

196 2396 362 2460 coniectura,
389 2411 457 2464 quae
483 2395 586 2464 Heynio
614 2396 725 2450 mirifice
746 2396 846 2467 placet.
868 2424 901 2433 -
926 2392 972 2456 23.
999 2395 1141 2449 Flavum
1169 2415 1206 2451 ae
1229 2407 1375 2468 propter

197 2464 369 2533 Thybrim,
415 2462 468 2516 uod
492 2462 546 2517 iarn
568 2463 660 2517 Douza
681 2462 843 2524 coniecerat,
871 2461 965 2531 Wagn.
1009 2479 1039 2516 ro
1057 2463 1128 2532 vulg.
1174 2466 1266 2519 lavam
1307 2483 1375 2536 rope

198 2531 329 2601 Ttpbn'm
352 2547 367 2584 e
389 2480 454 2585 (iod.
475 2529 591 2583 Helmst.
610 2530 739 2585 restitnit.
774 2530 899 2584 Ceterum
915 2529 956 2609 .⁰f·
975 2479 1081 2609 adnott.
1101 2530 1136 2584 ad
1157 2534 1223 2586 Aen.
1308 2539 1374 2597 ‚tl

195 2630 229 2640 —
253 2598 399 2662 „olentes
422 2597 591 2652 nauticum
613 2601 678 2652 sunt
698 2600 811 2664 nautae,
829 2611 895 2666 quos
913 2613 1111 2665 lmpunsslmus
1129 2599 1208 2653 homo
1226 2600 1375 2668 praestola-

195 2671 250 2734 tur,
267 2666 314 2720 ubi
331 2665 508 2735 appulerunt,
525 2667 558 2719 nt
576 2682 667 2721 eorum
684 2665 791 2721 libidini
809 2664 939 2721 serviat.“
964 2665 1051 2735 Hepra
1072 2695 1105 2705 -
1129 2667 1162 2721 V.
1179 2664 1225 2729 25.
1244 2666 1286 2720 his
1304 2667 1376 2721 ordi-

195 2735 277 2788 nibus
293 2739 416 2788 constare
434 2732 513 2787 dooet
529 2733 639 2802 Wagn:
653 2773 686 2780 -
705 2740 737 2778 -'-
755 2754 772 2787 υ
783 2773 815 2780 -
829 2772 863 2780 -
878 2737 913 2779 -'-
931 2753 948 2785 v
960 2771 992 2777 -
1005 2773 1039 2781 -
1051 2775 1083 2782 -
1097 2754 1113 2787 o
1130 2774 1175 2789 -.
1195 2766 1224 2775 -
1240 2732 1287 2798 27.
1308 2735 1376 2799 „Ex-

215 2803 309 2856 robrat
326 2801 425 2856 lamam
445 2802 472 2854 et
491 2804 650 2871 egestatem,
669 2817 723 2872 qua
739 2803 851 2857 coactus
868 2801 927 2856 adit
944 2802 1064 2869 muana,
1083 2801 1110 2857 b.
1124 2819 1146 2857 e.
1158 2802 1218 2857 loca
1235 2803 1263 2856 in
1281 2804 1375 2858 subur·

196 2820 258 2938 iiis,
276 2871 302 2924 in
322 2871 420 2940 quibus
437 2870 547 2939 inopum
567 2871 664 2927 funera
680 2872 708 2925 et
727 2869 822 2939 epulas
839 2870 967 2925 funebres
977 2870 1156 2936 habebantur,
1174 2874 1233 2925 tum
1246 2873 1375 2942 compita,

196 2939 225 2993 in
248 2939 343 3009 quibus
366 2939 482 2993 Laribus
500 2937 712 3006 Compitalibus,
735 2941 764 2992 et
785 2937 895 3007 quidem
919 2939 977 3007 ipso
993 2938 1188 3007 Compitalium
1208 2939 1251 2992 die
1268 2956 1376 2995 necesso

197 3009 241 3061 est
258 3007 354 3075 apponi
373 3006 467 3086 solitas
485 3005 570 3060 fuisse
583 3006 686 3076 epulas,
722 3022 770 3061 uas
802 3023 914 3075 aupsres
927 3022 987 3060 mox
1001 3005 1268 3086 anferrssolebant.“
1285 3007 1375 3076 Hepa.

197 3081 367 3196 salas
383 3023 752 3210 mrrllrltlais
766 3023 851 3194 pp,
872 3077 955 3200 la
974 3077 1015 3195 t·
1032 3072 1376 3197 {elale-sinas

316 3160 1360 3204 ..‚,.o....-.ua.r

197 3210 270 3263 vul.
296 3158 388 3271 dacii),
418 3224 530 3279 eamque
552 3208 768 3263 emendationem
789 3210 866 3264 iuvat
888 3208 953 3263 Cod.
971 3208 1050 3262 Voss.
1077 3239 1108 3247 —
1135 3209 1250 3279 Neque
1277 3160 1378 3265 dadas

200 3279 253 3344 (me
287 3278 322 3330 ia
344 3276 494 3338 culinas,
512 3276 531 3329 i.
550 3294 574 3331 e.
592 3293 679 3347 neque
696 3279 724 3331 te
742 3276 838 3331 videbo
855 3275 1000 3330 adeuntem
1018 3275 1130 3331 culinas.
1165 3277 1257 3331 Burm.
1284 3278 1378 3332 sulas

198 3345 327 3400 funebres
344 3342 384 3424 ibi
401 3344 509 3398 habitas
522 3344 691 3425 respiciens„
704 3344 772 3400 coni.
789 3346 838 3399 Du
861 3360 942 3413 esqrae
959 3344 1028 3424 ditis
1044 3344 1164 3423 luridas.
1182 3378 1215 3386 -
1231 3318 1278 3407 25.
1296 3294 1378 3414 iulg.

197 3412 281 3469 Codd.
303 3412 384 3467 leetro
406 3414 448 3466 est
470 3413 600 3467 salivares
623 3429 715 3482 aquia
741 3427 807 3482 quas
858 3428 916 3480 eyn.
939 3428 987 3481 pro
1009 3429 1017 3464 1
1038 3428 1069 3466 sa
1090 3413 1177 3466 sahva
1194 3413 1281 3470 dictas
1298 3415 1379 3483 putat

199 3481 338 3560 stlocum
356 3479 395 3533 sic
411 3479 620 3549 interpretaturj:
644 3479 780 3548 „repletus
797 3480 831 3534 iis
854 3479 941 3549 epulis
964 3481 996 3531 ut
1017 3429 1183 3560 iquomodob
1201 3481 1273 3535 redis
1291 3481 1378 3535 saliva

202 3552 352 3604 etiamnum
369 3564 403 3601 ex
421 3547 605 3604 recordatione
622 3547 783 3602 affluentel*
821 3549 855 3602 W
913 3549 1029 3602 ,tannen
1047 3565 1114 3602 conr.
1132 3550 1262 3603 natisonis
1280 3550 1377 3611 εααίε,

200 3618 229 3671 et
247 3617 336 3671 locum
354 3614 392 3670 sio
409 3616 469 3670 vult
488 3615 661 3673 distinctum:
682 3617 784 3676 Quibus
802 3615 878 3686 (dapi
896 3618 939 3684 us)
956 3616 1075 3686 repletura
1091 3623 1121 3670 at
1135 3617 1265 3671 retineris
1274 3618 1379 3672 weris!

198 3687 231 3738 ut
254 3683 305 3739 hae
330 3683 413 3751 dapes
439 3684 598 3753 compitalss
623 3684 708 3738 tacite
733 3686 922 3753 comparentur
950 3700 1010 3737 cum
1035 3683 1194 3738 lautissimis
1215 3684 1377 3739 Pontificum

198 3751 285 3820 epulis
307 3754 335 3805 et
353 3751 416 3806 bino
433 3751 482 3805 illa
498 3753 590 3807 soliva
607 3755 838 3807 commemoretur.
864 3751 922 3805 Nos
943 3768 1004 3805 cum
1023 3752 1217 3807 recentioribus
1229 3752 1378 3807 editoribus

198 3835 257 3873 rece
279 3819 349 3873 imus
366 3818 484 3889 Hauptii
502 3819 682 3875 coniecturam
702 3821 797 3873 tobosa
815 3849 849 3858 —
867 3819 898 3873 V.
918 3818 960 3878 31.
980 3819 1061 3888 vulgo
1079 3819 1169 3872 editur
1187 3823 1268 3873 docte
1283 3820 1378 3887 solum,

253 3835 277 3940 <i
283 3886 412 3954 Scaliger.
425 3886 579 3942 coniectura
597 3887 720 3943 omnibus
739 3888 855 3956 probata
871 3886 989 3940 mutavit
1006 3886 1034 3939 in
1051 3894 1129 3939 noete
1145 3886 1240 3949 solvis,
1255 3889 1285 3939 ut
1297 3887 1379 3966 signi·

198 3902 298 4010 diioui
316 3954 419 4007 iustum
439 3969 536 4008 coenae
554 3958 661 4074 temque
679 3954 729 4007 sub
747 3961 869 4016 noctem,
891 3969 955 4022 quo,
980 3952 1051 4021 quod
1068 3953 1161 4008 ederet
1178 3953 1290 4019 Lucius,
1310 3953 1379 4007 nihil

199 4025 266 4086 erat,
285 4024 394 4092 praeter
414 4022 484 4084 oltra,
502 4022 613 4075 vileme

218 4106 236 4142 u
254 4106 279 4143 m
300 4105 363 4142 uam
381 4086 465 4142 etiam
482 4088 584 4142 ΕΜ
602 4037 792 4155 (Apauqcrum
806 4020 894 4075 cibum
908 4019 981 4084 (vide
992 4019 1028 4073 ad
1039 4036 1114 4089 sequ.
1127 4036 1234 4074 versum
1247 4021 1379 4088 adnottlt

199 4107 253 4211 3²
283 4107 301 4169 ‘¹

658 4087 685 4141 d.
727 4089 787 4142 .11.
809 4105 834 4157 p.
850 4088 919 4151 728.)
938 4087 1006 4141 coni.
1026 4089 1104 4141 &ate
1123 4088 1233 4143 minime
1251 4105 1379 4158 spernen-

218 4175 263 4212 am
295 4155 406 4211 iudicat.
454 4154 655 4210 Aestuanter
708 4157 837 4210 astices
863 4154 946 4224 vulgo
976 4171 990 4209 e
1026 4154 1110 4209 licant
1139 4172 1187 4225 per
1214 4173 1258 4211 cre
1278 4157 1378 4211 itantia

199 4224 349 4280 larcimina.
386 4223 441 4277 Tou
464 4239 551 4303 asro
572 4224 606 4278 ad
623 4174 698 4278 sni.
716 4239 742 4278 v.
761 4222 922 4292 requisitas
940 4221 968 4276 T.
1017 4223 1250 4294 l.p.134.0pp.
1296 4224 1378 4279 olll.

198 4312 223 4363 p.
249 4296 306 4347 168.
329 4291 413 4359 (haud
438 4239 517 4370 dubis
545 4307 638 4347 versus
664 4290 867 4346 antecedentem
894 4292 922 4345 et
949 4294 1103 4360 sequentem
1130 4293 1286 4362 respiciens)
1311 4292 1379 4371 haec

199 4362 281 4415 verba
302 4360 337 4414 ad
359 4361 569 4414 obscoenrtatem
594 4359 713 4429 aliquam
732 4358 828 4421 refert,
841 4357 885 4436 'dc
910 4374 965 4428 qua
987 4375 1047 4414 cum
1067 4359 1171 4481 Heplnio
1192 4377 1246 4439 non
1263 4361 1379 4429 amphus

199 4423 1094 4576 allaterat}sterltltdtttltttttestulu
1111 4430 1272 4565 stultit
1288 4430 1380 4565 lats

199 4565 379 4618 comesturam
401 4562 522 4631 Olusque
540 4562 632 4617 Burm.
644 4565 673 4616 et
682 4563 786 4632 Heynro
799 4562 950 4631 probatam,
968 4579 1028 4617 cum
1041 4562 1144 4632 Copula
1154 4564 1249 4618 abesse
1262 4579 1296 4617 ne
1314 4565 1380 4642 neat

199 4636 228 4686 et
245 4630 311 4685 Cod.
331 4628 417 4685 Rehd.
434 4631 563 4699 praebeat
582 4631 731 4710 boreasque
748 4632 778 4697 (i.
797 4646 819 4684 e.
838 4630 996 4699 tolrrsquelr
1018 4632 1050 4684 ut
1066 4632 1219 4698 almuciis
1235 4648 1283 4701 pro
1297 4580 1380 4684 iabus

199 4700 319 4769 positum
331 4699 375 4752 sit.
393 4697 477 4764 Quem
490 4701 581 4753 tamen
595 4697 835 4769 odend1t00pulae
849 4696 980 4761 detectus,
994 4701 1042 4753 aut
1054 4714 1080 4751 v.
1094 4702 1135 4753 31.
1149 4699 1251 4755 scribat
1261 4700 1378 4766 solvens,

199 4770 248 4822 aut
265 4784 291 4821 v.
305 4771 345 4823 32.
365 4767 493 4820 lambam.
511 4797 545 4807 -
562 4766 631 4820 Cum
648 4782 673 4822 v.
693 4765 740 4827 34.
754 4766 788 4822 cl.
802 4765 913 4820 Anthol.
925 4765 987 4820 Lat.
1005 4766 1056 4828 111,
1070 4770 1125 4821 153.
1146 4770 1182 4833 (n.
1196 4771 1252 4823 ret.
1267 4766 1379 4835 Meyer.)

202 4837 269 4894 Quia
308 4835 332 4888 is
350 4852 378 4888 ea
390 4865 421 4874 -
434 4842 460 4888 et
475 4853 573 4890 amaea
589 4836 696 4889 dicam:
717 4835 796 4889 color
808 4834 901 4888 omnia
914 4836 1045 4901 copitl-
1058 4832 1105 4894 36.
1123 4833 1211 4900 (ame
1229 4842 1380 4906 crepant.

200 4903 241 4959 Cf.
292 4906 348 4957 aut.
366 4901 436 4956 Men.
455 4901 488 4965 V,
509 4909 533 4964 5,
553 4906 595 4958 27.
629 4903 764 4957 intestina
787 4901 864 4963 mili,
882 4904 994 4970 muodo
1013 4903 1114 4966 eurio,
1133 4919 1165 4955 cr
1199 4911 1254 4958 ant.
1273 4934 1306 4943 —
1325 4919 1380 4972 pe-

200 4970 298 5026 ucini
304 5011 310 5036 ‚
324 4987 361 5026 so.
376 4968 470 5024 dentes
484 4972 540 5038 (die
554 4972 772 5040 Bootesrcttne).
795 4969 838 5024 cf.
853 4968 944 5025 Iussu.
957 4970 989 5037 V,
1004 4973 1044 5023 70.
1056 4969 1111 5023 Cio.
1123 4969 1157 5022 D.
1199 5014 1205 5027 .
1218 4971 1255 5036 11,
1269 4975 1310 5038 5⁴,
1324 4975 1380 5025 1³4.

1118 5054 1171 5107 46⁴
