3359 5725
321 603 382 650 xlv
531 581 803 649 PROOEMIUM
823 580 1056 647 EDITIONIS
1078 580 1283 648 TERTIAE.

317 749 440 814 factum
468 748 612 828 videtur,
644 771 686 814 ex
711 747 859 824 licanda‚
894 758 925 813 et
952 770 991 813 ca
1022 746 1091 813 sola
1119 745 1160 811 de
1191 769 1290 812 causa
1312 746 1492 813 Saxoniam

318 842 465 898 nostram
486 834 612 920 petivit,
633 840 669 897 ut
687 771 769 898 llil
790 832 998 918 Wagnerum
1015 839 1047 896 et
1067 840 1187 897 memet
1207 831 1315 917 ipsum
1334 832 1493 896 inviseret

320 939 459 1002 suasque
485 917 655 1002 opiniones
681 915 852 980 nobiscum
873 915 1136 996 communicaret,
1169 937 1241 980 cum
1264 936 1306 979 ex
1327 936 1379 979 me
1402 913 1493 980 audi·

318 1001 429 1074 visset,
451 1001 517 1063 iam
538 1001 668 1064 tertiam
690 1021 824 1098 operum
839 999 1098 1085 Virgilianorum
1122 997 1296 1063 editionem
1320 997 1400 1062 mihi
1422 1019 1494 1063 esse

319 1082 508 1161 curandam,
532 1105 583 1147 me
604 1090 743 1168 rogavit,
766 1092 803 1149 ut
815 1086 943 1168 potiora
966 1091 1053 1146 certe
1066 1103 1188 1163 eorum,
1227 1103 1288 1146 uae
1303 1082 1374 1167 ipse
1390 1080 1431 1146 de
1445 1080 1493 1146 VI

319 1165 484 1252 prioribus
506 1166 670 1231 Aeneidos
690 1165 784 1231 libris
807 1188 880 1230 cum
909 1166 943 1229 in
965 1163 1185 1250 singularibus
1205 1103 1326 1229 libellis
1350 1163 1492 1250 Anglico

319 1271 466 1314 sermone
489 1250 683 1336 conscriptis
693 1250 718 1326 ⁸)
741 1251 806 1313 iam
829 1258 927 1314 antea
949 1250 1152 1334 exposuerit,
1176 1259 1245 1312 tum
1273 1270 1359 1312 nunc
1381 1270 1493 1313 coram

204 1375 207 1381 ·
319 1355 445 1397 mecum
461 1331 686 1418 disputaverit,
708 1331 761 1397 vel
777 1354 819 1396 ex
838 1329 1162 1397 commentationibus
1184 1330 1248 1396 illis
1263 1332 1298 1394 in
1319 1330 1495 1396 editionem

319 1438 425 1479 meam
453 1427 586 1501 recepta
613 1414 664 1479 vel
696 1436 737 1479 ex
767 1414 938 1502 colloquiis
966 1414 1087 1478 nostris
1110 1415 1251 1513 primum
1273 1413 1442 1503 publicata
1461 1415 1495 1478 in

319 1501 463 1564 virorum
487 1497 655 1563 doctorum
677 1499 826 1562 notitiam
849 1497 1048 1586 perferrem,
1071 1519 1124 1562 cur
1146 1497 1277 1584 quidem
1292 1499 1356 1562 viri
1377 1496 1496 1562 doctis·

321 1583 393 1645 simi
415 1580 573 1646 voluntati
593 1603 630 1646 eo
652 1583 759 1646 minus
780 1580 893 1646 deesse
916 1580 1012 1657 volui,
1035 1601 1120 1663 cum,
1166 1604 1228 1646 uas
1250 1582 1496 1667 excogitaverit,

321 1666 381 1728 etsi
409 1666 489 1728 viris
510 1664 614 1729 doctis
644 1687 708 1730 non
736 1665 846 1730 omnia
869 1662 1110 1751 probabuntur,
1135 1603 1292 1752 pleraque
1319 1674 1430 1729 tamen
1450 1665 1496 1728 ita

320 1749 385 1811 sint
408 1749 595 1832 ingeniosa,
626 1759 662 1811 ut
690 1757 778 1812 certe
805 1747 848 1811 ad
878 1747 976 1811 altius
1000 1747 1263 1833 perspiciendum
1291 1757 1323 1813 et
1345 1747 1495 1813 subtilius

320 1830 528 1917 cogitandum
550 1853 647 1917 quam
670 1832 812 1895 maxime
835 1829 977 1894 debeant
999 1831 1152 1895 excitare.

403 1913 459 1978 Sic
480 1914 580 1998 igitur
602 1912 687 1977 hano
710 1935 837 2000 quoque
860 1912 988 1997 Virgilii
1012 1912 1202 1995 editionem,
1230 1915 1265 1978 in
1294 1911 1361 2001 qua
1384 1915 1494 1978 etiam·

320 2019 396 2060 num
419 1995 521 2060 multa
539 1994 721 2060 desiderari
736 2007 768 2060 et
782 1996 975 2084 reprehendi
997 2017 1095 2081 posse
1117 1996 1238 2061 infitias
1257 1998 1306 2061 ire
1326 1997 1494 2079 noluerim,

322 2082 432 2143 emitto
454 2078 542 2143 bona
568 2101 643 2142 cum
673 2101 731 2165 spe
752 2080 822 2144 fore
845 2090 881 2143 ut
902 2078 1073 2144 iuvenibus
1094 2080 1300 2179 potissimum
1322 2080 1365 2146 ad
1386 2080 1494 2144 litera-

321 2185 393 2226 rum
423 2161 531 2226 studia
559 2161 822 2226 incumbentibus
856 2172 1001 2249 optatam
1031 2152 1203 2228 ritihtatem
1234 2163 1351 2228 afferre
1381 2172 1497 2249 pergat

320 2256 417 2331 atque
439 2247 538 2312 etiam
561 2246 642 2310 viris
665 2243 772 2309 doctis
793 2254 858 2310 non
881 2268 1014 2331 prorsus
1035 2245 1246 2393 improbetur.

405 2328 474 2392 Scr.
495 2327 630 2415 Lipsiae
652 2352 693 2392 m.
716 2327 853 2394 Octobri
874 2351 901 2392 a.
925 2327 1081 2394 MDCCC
1113 2328 1139 2393 I.

355 2578 381 2643 a)
401 2577 458 2630 Tire
476 2578 573 2644 Eneca,
596 2577 694 2631 Bonita
715 2576 738 2630 l.
761 2579 821 2631 aad
836 2577 877 2630 ΙΙ.
898 2579 1037 2632 rendered
1057 2578 1115 2630 into
1141 2575 1257 2644 Enplislr
1285 2575 1368 2630 blame
1390 2576 1496 2640 iomdie,

321 2645 386 2696 sodli
414 2662 472 2698 new
499 2646 732 2714 interpretatione.
768 2646 815 2712 By
839 2646 929 2698 lumea
950 2645 1013 2698 Hea
1047 2685 1054 2712 ,
1086 2645 1127 2698 Μ.
1151 2647 1185 2698 D.
1204 2645 1294 2697 Laod
1325 2647 1398 2697 1845.
1422 2648 1446 2698 8.
1470 2646 1497 2698 et

323 2711 533 2765 Commentariis
557 2729 605 2773 oa,
629 2715 688 2764 aad
707 2712 893 2766 ailmtrations
916 2713 952 2781 of
969 2713 1011 2765 tlrc
1058 2713 1114 2765 tietb
1142 2714 1180 2776 of
1204 2712 1300 2779 Virpil.
1337 2712 1388 2832 Bp!
1409 2711 1499 2764 lamas

321 2779 419 2849 Henry
440 2782 491 2834 etc.
514 2780 555 2833 in:
580 2778 719 2834 Classical
735 2779 863 2833 Muscam
884 2778 960 2835 Part.
983 2779 1055 2834 XIX.
1075 2779 1132 2835 XX.
1151 2780 1224 2834 XXI.
1247 2782 1275 2833 et
1300 2778 1363 2832 XXI
1390 2823 1395 2835 .
1420 2787 1498 2847 (quae

322 2847 412 2901 omnia
430 2850 539 2903 tantum
556 2847 591 2903 ad
610 2847 662 2902 dno
679 2846 781 2917 primos
799 2847 884 2904 libros
902 2848 1056 2917 pertinent).
