3359 5725
330 587 392 653 680
730 575 846 644 CIRIS
868 601 900 642 v.
921 578 1110 641 219-227.

332 750 405 815 Non
427 755 564 833 accepta
584 746 648 832 piis
695 744 863 808 remittens
886 762 1021 807 munera
1039 738 1133 804 divis.

417 831 525 911 Quam
543 827 639 894 simul
662 766 787 914 (lgygii
808 826 981 892 Phoenicis
1002 822 1071 888 filia
1092 823 1215 921 Carme

335 916 477 1001 Surgere
500 914 601 978 sensit
623 934 714 993 anus,
736 948 777 957 —
802 912 942 975 sonitum
966 930 1039 972 nam
1062 907 1186 972 fecerat
1205 905 1253 971 illi

334 999 519 1063 Marmoreo
538 1004 668 1060 aeratus
691 993 832 1059 stridens
856 995 890 1058 in
912 992 1021 1059 limine
1044 990 1155 1071 cardo,
1175 1026 1215 1037 -

335 1082 482 1167 Corripit
504 1079 670 1164 extemplo
692 1078 812 1143 fessam
834 1076 993 1162 languore
1014 1072 1155 1160 puellam

333 1165 377 1229 Et
399 1162 504 1244 simul,
526 1161 578 1243 „0
601 1161 694 1226 nobis
718 1183 846 1225 sacrum
869 1159 999 1247 caput‚“
1021 1158 1135 1245 inquit,
1159 1155 1323 1238 „alumna,

334 1248 407 1312 Nou
430 1245 490 1311 tibi
514 1246 710 1332 nequiquam
733 1244 850 1309 viridis
872 1266 930 1330 per
952 1246 1081 1307 viscera
1104 1239 1209 1327 pallor
1469 1252 1517 1302 225

333 1332 497 1416 Aegrotas
519 1330 607 1394 tenui
631 1327 764 1392 suffudit
784 1328 943 1413 sunguine
964 1346 1073 1389 venas.

334 1414 402 1479 Nec
423 1412 505 1477 levis
527 1411 589 1477 hoc
610 1411 736 1476 faceres
758 1448 800 1458 -
820 1409 1030 1499 nequeenim
1055 1415 1192 1494 pote-
1214 1428 1297 1471 cura
1319 1404 1464 1491 subegit.

337 1748 377 1801 vis
407 1747 489 1801 etiam
507 1746 590 1801 Oodd.
620 1745 763 1801 lectionem
781 1744 1097 1800 ariomanitarum
1113 1741 1217 1808 muudi,
1246 1757 1316 1811 quus
1334 1742 1453 1796 insusse
1470 1742 1512 1796 de

334 1814 408 1869 feudi
437 1815 524 1883 possit
542 1813 621 1869 Ilnnii
640 1814 708 1878 (Sat.
726 1813 744 1867 l.
763 1814 814 1867 ΠΙ.
844 1813 876 1867 fr.
895 1818 920 1868 1.
942 1830 967 1882 p.
988 1816 1043 1867 156.
1062 1810 1152 1875 Vahl.)
1181 1809 1302 1879 exemplo
1331 1826 1377 1879 ap.
1396 1810 1510 1864 Macrob.

333 1883 447 1946 Satvl,
464 1887 487 1936 2.
507 1899 532 1951 p.
550 1886 608 1936 513.
628 1882 695 1945 lan„
714 1881 760 1952 qui
777 1884 908 1935 muudum
925 1882 999 1935 coeli
1015 1880 1091 1943 dixit,
1112 1895 1165 1932 non
1182 1878 1215 1932 ab
1234 1878 1310 1931 omni
1325 1880 1407 1947 psrte
1424 1894 1509 1933 ieram

334 1949 419 2006 videri
439 1950 596 2014 concedam
614 1966 695 2018 qnsre
714 1966 773 2002 cum
793 1949 985 2005 recentioribus
1003 1947 1151 2002 editoribus
1169 1945 1311 2013 amplexus
1328 1962 1391 1999 suin
1409 1946 1509 2000 Heinsii

334 2021 374 2084 (et
391 2017 544 2082 Schraderi)
564 2018 632 2071 corii.
650 2018 723 2079 celsi,
744 2017 797 2070 isin
818 2017 922 2085 Heynio
940 2017 1092 2086 probatam,
1117 2014 1180 2068 dum
1198 2013 1305 2067 Lsdew.
1325 2031 1374 2083 pro
1393 2016 1433 2068 ad
1448 2015 1510 2067 celsi

334 2086 442 2139 coniicit
459 2085 580 2140 ucthmii'.
616 2084 684 2138 (luni
703 2084 798 2137 iisdem
816 2083 964 2138 editoribus
984 2084 1067 2138 etiam
1104 2099 1134 2136 ro
1151 2080 1224 2150 vulg.
1237 2082 1365 2135 sisausa
1378 2081 1506 2148 (etCodd.

334 2154 479 2218 institutio)
499 2152 586 2221 recepi
604 2152 735 2220 scaligeri
759 2153 901 2209 ructantia,
937 2152 1061 2206 Ceterum
1081 2099 1115 2204 <ie
1130 2150 1289 2203 naturatibus
1307 2168 1328 2203 s.
1346 2150 1508 2203 nicuma'biis

332 2220 469 2273 sideribus
498 2219 551 2273 vid.
581 2219 684 2273 adnott.
710 2219 745 2273 ud
765 2219 822 2273 Ecl.
842 2219 889 2282 lv,
909 2225 951 2273 50.
971 2222 1076 2275 etcum
1095 2221 1152 2271 toto
1172 2217 1231 2270 loco
1249 2216 1283 2272 el.
1304 2218 1371 2272 Aen.
1391 2218 1438 2282 lV,
1457 2222 1508 2271 1112.

336 2318 364 2326 -
385 2284 450 2347 220.
483 2287 613 2353 Carme,
644 2287 826 2341 Phoenicis
856 2287 944 2352 ioth.
963 2288 981 2341 l.
1007 2289 1035 2341 et
1052 2285 1123 2355 apud
1142 2285 1239 2339 Anton.
1259 2283 1320 2339 Lib.
1341 2302 1367 2339 c.
1386 2290 1427 2340 io.
1467 2285 1507 2355 qui

334 2354 496 2409 Phoenicem
513 2354 646 2423 Agenoris
664 2354 701 2409 111.
721 2353 805 2408 luisse
823 2354 967 2424 perhibet),
998 2353 1040 2411 vel
1058 2369 1088 2407 ei
1107 2353 1220 2407 alioruin
1238 2353 1398 2408 narratione
1416 2327 1507 2407 liuboli

335 2422 392 2476 filis
410 2422 454 2487 (cf.
474 2422 555 2476 Pans.
574 2422 610 2490 Π,
629 2426 679 2488 30.‚
700 2425 728 2477 st
745 2422 824 2476 Diod.
844 2422 876 2486 V,
897 2425 958 2489 iu),
978 2439 1008 2475 ei
1022 2422 1084 2475 love
1103 2421 1208 2492 peperit
1219 2420 1412 2488 Britomartis,
1429 2421 1507 2490 Nym·

335 2490 426 2560 phsm,
456 2506 533 2570 qpae,
561 2506 625 2569 eum
642 2508 659 2544 u
675 2491 770 2569 Minoe.
781 2489 894 2544 libidine
912 2490 1079 2569 inflammato
1097 2490 1243 2568 peteretur,
1264 2488 1378 2567 lugiens
1396 2490 1423 2543 in
1441 2505 1506 2567 inari

335 2559 592 2689 tertulii
608 2558 678 2691 sill
704 2555 1505 2691 1.211...111121111111111211111121

334 2692 467 2746 Fabulam
499 2693 555 2746 eins
588 2696 693 2761 praeter
722 2696 859 2748 auctorem
883 2693 962 2747 huius
980 2692 1106 2747 carminis
1124 2695 1160 2759 (v.
1181 2695 1340 2758 iso-sus.)
1360 2696 1504 2746 tissimum

334 2760 441 2814 Gallim.
472 2759 498 2812 in
518 2760 595 2815 Dian.
628 2765 675 2815 iss
705 2778 762 2831 sqq.
793 2761 874 2814 Paus.
893 2761 930 2825 ΙΙ,
950 2764 992 2826 30,
1010 2765 1032 2814 3.
1064 2764 1092 2814 et
1110 2760 1208 2813 Antou.
1228 2758 1321 2813 Liber.
1347 2776 1371 2814 o.
1393 2764 1432 2814 io.
1468 2760 1504 2811 ci.

334 2827 417 2882 etiam
436 2828 522 2896 lleyn.
542 2827 620 2885 adh.
641 2829 660 2884 l.
678 2829 789 2884 Menisii
806 2828 889 2883 Crete
906 2829 954 2896 IV,
972 2832 996 2882 3.
1015 2844 1040 2897 p.
1060 2831 1116 2882 2111.
1136 2826 1235 2882 Hoeelr.
1255 2828 1344 2882 Krete
1361 2828 1400 2883 Il.
1419 2844 1444 2897 p.
1465 2829 1505 2881 iss

332 2913 392 3018 sqq.
413 2895 520 2950 Preller.
540 2897 620 2951 Ilo'm.
640 2897 727 2967 Mpth.
747 2898 768 2950 l.
787 2915 813 2965 p.
832 2901 890 2950 242.
908 2899 944 2963 et,
963 2914 1029 2966 quos
1042 2896 1126 2966 Sillig.
1140 2895 1242 2961 laudat,
1256 2895 1382 2952 Mueller.
1397 2895 1505 2963 insagi-

332 2980 386 3018 ne.
406 2981 432 3034 p.
452 2967 499 3017 163
518 2980 576 3035 sqq.
604 2968 686 3034 etque
704 2966 781 3019 Voss.
809 2965 834 3018 in
856 2965 983 3045 Epistolis
1002 2963 1113 3032 mythol.
1131 2963 1182 3019 ΠΙ.
1201 2981 1228 3032 p.
1251 2968 1296 3017 157
1316 2980 1375 3033 sqq.
1395 2996 1425 3004 —
1445 2964 1504 3018 cum

332 3035 413 3102 poeta
432 3031 590 3086 Phoenicem
610 3033 685 3086 illurn
703 3033 837 3101 Opppium
856 3031 937 3090 dicat.
962 3031 1073 3152 ideoque
1094 3048 1149 3085 reni
1167 3032 1202 3086 sd
1220 3031 1361 3086 Boeotiam
1380 3032 1423 3086 vel
1440 3030 1505 3085 iiti-

332 3117 389 3152 oam
422 3099 523 3154 referat
552 3103 627 3168 (nam
656 3100 762 3169 Oppyiu
791 3100 938 3154 secundum
961 3099 1026 3168 Step
1049 3100 1134 3168 ‚Byr
1153 3115 1179 3167 p.
1198 3103 1256 3153 ise.
1287 3104 1366 3153 vetus
1397 3104 1455 3154 erat
1481 3101 1505 3151 et

333 3167 459 3221 Boeotiae
493 3171 520 3221 et
538 3168 645 3222 Atticae
677 3169 793 3234 nomen),
823 3166 930 3223 videtur
959 3184 1074 3231 sumere,
1104 3168 1175 3221 huiic
1191 3166 1353 3222 Phoenicem
1374 3171 1383 3234 (
1404 3168 1431 3221 ni
1448 3182 1505 3220 sane

336 3250 388 3287 non
416 3234 619 3289 confundendus
649 3238 692 3290 est
709 3253 769 3290 cnm
789 3236 929 3289 notissimo
947 3235 992 3289 illo
1010 3234 1150 3299 Phoenice,
1180 3236 1347 3304 Amyntoris,
1407 3236 1504 3305 olopun

307 3364 309 3368 .
332 3301 508 3423 begiffiefilwi,
519 3320 579 3424 iim
598 3304 700 3425 Ciqlmo
720 3303 843 3423 iplillam
856 3303 983 3423 Graetciee
1000 3304 1134 3435 regipqisqn
1155 3303 1268 3424 ueiiqqsq.
1287 3303 1505 3426 Cqmrtqmmmb

433 3410 460 3490 s
487 3387 525 3517 si
544 3387 726 3518 iiiiii?
740 3374 1073 3493 illustremus...
1092 3387 1265 3518 sisinii?
1279 3389 1317 3475 {³⁰
1328 3388 1396 3500 {ii
1426 3388 1504 3493 ...t

330 3521 476 3556 morsum
498 3506 597 3559 liiiieis
626 3513 663 3570 (iu
706 3524 738 3560 uu
761 3509 850 3560 cardo
873 3508 1021 3560 stridebat:
1043 3506 1078 3561 cf.
1096 3507 1165 3561 liber
1183 3523 1259 3560 mous
1274 3507 1379 3561 Hellas
1397 3528 1423 3561 ii.
1439 3508 1505 3560 Rois

330 3571 395 3650 1,.1.
415 3587 440 3638 p.
462 3572 601 3650 ²¹⁸·.'¹²d¹¹·
617 3577 669 3641 ii.)
687 3522 788 3641 iegitur
802 3574 884 3628 etiam
898 3591 941 3645 ap.
954 3575 1078 3643 Honllp.
1097 3575 1119 3642 1,
1139 3578 1178 3638 18,
1198 3578 1238 3627 is.
1259 3605 1292 3614 -
1310 3572 1376 3636 223.
1400 3576 1504 3630 Corri-

329 3645 393 3706 pit,
413 3640 444 3690 ut
465 3640 598 3716 sustinect
609 3638 754 3709 lapsuram.
785 3642 870 3710 Heyn.
886 3659 945 3696 cum
961 3645 1020 3697 toto
1032 3643 1084 3697 hoc
1097 3643 1156 3697 loco
1169 3642 1284 3696 conferri
1302 3643 1380 3698 iubet
1395 3643 1503 3697 similem

331 3704 364 3758 de
377 3704 488 3773 Myrrha
500 3722 609 3776 eiusque
623 3708 726 3762 nutrice
738 3725 779 3777 ap.
795 3709 873 3764 Ovid.
887 3710 953 3764 Met.
973 3712 1006 3775 X,
1020 3714 1068 3766 382
1086 3728 1099 3764 s
1138 3752 1144 3764 .
1163 3740 1195 3749 —
1215 3710 1400 3778 teneriore,
1419 3711 1505 3765 morbo

331 3772 387 3838 illo,
419 3771 451 3826 ds
470 3789 521 3842 quo
539 3790 562 3829 i.
584 3778 638 3830 181.
658 3792 744 3856 sermo
773 3777 905 3855 erat3Ci.
925 3727 1149 3845 01111191.ῗὸἱ
1180 3780 1236 3832 612.
1269 3780 1363 3832 soliita
1393 3782 1504 3833 membro

331 3841 471 3909 deripuere.
494 3872 524 3880 -
543 3838 609 3900 224.
629 3843 672 3896 Et
689 3845 798 3899 simul.
828 3844 887 3899 Vid.
913 3846 968 3902 Ecl.
995 3846 1041 3908 VI,
1061 3850 1101 3900 3³.
1129 3846 1199 3900 Mira
1215 3849 1257 3900 est
1275 3846 1362 3901 Codd.
1380 3847 1464 3901 Rehd.
1480 3849 1504 3898 et

331 3909 444 3963 Helmst.
465 3908 581 3988 varietas
602 3911 641 3963 Et
656 3910 772 3981 famulo
792 3914 880 3979 iiobi's,
898 3929 977 3982 quam
1008 3918 1098 3968 tamon
1121 3913 1209 3983 sillig.
1231 3930 1283 3966 non
1313 3915 1503 3984 respiciendam

330 3993 388 4031 esse
420 3980 532 4032 censuit.
553 4008 583 4015 --
602 3997 733 4033 seorsim
756 3980 774 4032 i.
813 4022 818 4033 .
849 3982 1038 4045 venerandum,
1067 3983 1096 4035 et
1125 3990 1225 4051 cupiit
1268 3999 1297 4034 ro
1317 3982 1376 4050 ipso
1395 3982 1504 4036 homine.

329 4044 370 4096 Cf.
389 4044 547 4124 2111111211
565 4048 629 4100 Aen.
650 4047 696 4112 IV,
711 4051 770 4101 613.
824 3997 1272 4114 Ill‚570.etVechner.Hellenol.
1304 4055 1382 4103 ,5011
1399 4048 1504 4111 -225,

325 4111 450 4231 {aiios-
468 4114 610 4177 oiridis,
632 4118 663 4167 ut
675 4115 733 4169 Cul.
748 4132 771 4169 v.
787 4119 842 4168 142.
873 4116 958 4186 Sillig.
973 4120 1112 4187 comparat
1124 4117 1225 4171 luteum
1334 4136 1376 4171 em
1387 4133 1430 4237 ap.
1446 4119 1504 4171 Hor.

362 4178 414 4231 iod.
433 4179 466 4243 X,
492 4184 528 4234 16.
561 4183 589 4235 et
606 4183 729 4236 luridum
747 4199 788 4252 ap.
808 4182 884 4237 Ovid.
904 4184 971 4238 Met.
990 4184 1029 4238 IV
1057 4189 1115 4239 267.
1134 4185 1192 4239 coll.
1212 4184 1285 4239 Geel
1305 4185 1334 4238 iii
1352 4185 1423 4239 Bib.
1442 4185 1505 4240 ciii

356 4261 405 4298 ors
417 4247 455 4324 ·V‚
476 4251 498 4326 i.
513 4263 544 4326 p.
565 4252 623 4302 251.
644 4280 673 4287 -
691 4247 757 4309 226.
776 4251 937 4318 suffudit.
970 4253 1009 4305 cf.
1024 4226 1137 4306 brosor.
1153 4252 1240 4306 Diatr.
1254 4252 1326 4307 Stat.
1342 4253 1374 4307 T.
1387 4254 1409 4309 1.
1424 4272 1449 4324 p.
1468 4257 1505 4307 si.

331 4312 372 4366 ed.
392 4313 465 4381 Lips.
483 4316 573 4383 ibique
592 4317 681 4370 Hand.
701 4321 728 4371 et
747 4317 852 4372 adnott.
870 4319 904 4372 sd
925 4320 990 4373 hen.
1010 4321 1031 4387 l,
1052 4323 1109 4373 228.
1132 4352 1161 4358 κ
1182 4321 1214 4374 V.
1231 4317 1287 4380 227
1307 4338 1348 4392 sq.
1370 4321 1414 4374 inl
1470 4322 1506 4374 sic

330 4378 471 4448 leguntur:
502 4383 562 4435 Neo
589 4385 862 4451 mendicissimis
881 4394 909 4451 iii
963 4405 978 4441 e
1005 4389 1075 4440 eiiiiii
1088 4389 1174 4458 pote),
1192 4407 1260 4441 cura
1278 4391 1399 4456 widapa:
1451 4392 1507 4443 aud

329 4449 428 4526 fallor,
477 4453 523 4527 'od
543 4458 568 4503 te
581 4454 678 4521 potius
695 4453 869 4507 Rhamnusia
886 4455 917 4520 fa
943 4455 982 4534 iti
1009 4455 1055 4509 sed
1074 4472 1134 4510 cuni
1154 4455 1237 4510 Codd.
1256 4460 1284 4510 et
1302 4457 1506 4539 antiquissimis

328 4515 402 4568 eiiii,
423 4532 454 4595 ex
475 4517 567 4571 ibeaiit
587 4521 699 4586 suomet,
718 4521 767 4575 hoc
785 4521 872 4591 Sillig.
892 4528 1001 4593 recepit,
1020 4527 1051 4578 ut
1069 4539 1164 4577 sensus
1181 4523 1232 4577 sit:
1258 4540 1313 4578 non
1331 4525 1400 4580 levis
1418 4526 1505 4596 aliqua

328 4598 391 4635 eura
410 4601 438 4648 u.
456 4600 478 4637 e.
498 4601 584 4640 amor:
603 4588 656 4641 vid.
675 4588 779 4644 adnott.
799 4589 833 4643 ad
853 4607 876 4643 v.
896 4592 947 4654 11.)
970 4590 1020 4644 hoo
1039 4590 1120 4656 (hunc
1139 4591 1268 4661 pallorem
1287 4595 1352 4658 etc.)
1372 4593 1504 4657 efficeret3

327 4650 573 4729 Heympiopterou
589 4655 643 4725 legi
661 4657 748 4710 voluit
759 4661 877 4726 saecre,·
901 4675 951 4712 nos
969 4674 1028 4712 cum
1046 4658 1139 4712 Piizio
1159 4676 1185 4726 p.
1206 4663 1244 4714 16.
1264 4664 1293 4714 et
1311 4662 1504 4716 recentioribus

326 4716 475 4772 editoribus
507 4737 577 4775 nunc
606 4723 777 4779 restituimus
803 4726 877 4794 iulg.
897 4725 1046 4790 lectionem,
1077 4726 1146 4780 unde
1164 4725 1340 4797 hseeprodit
1358 4731 1504 4785 sententia:

324 4802 372 4838 irco
404 4787 558 4842 tessaura
577 4790 604 4857 ii.
624 4808 647 4845 e.
669 4807 759 4855 csuss,
793 4793 1002 4864 l'eraiilussuiip,
1032 4798 1063 4847 ut
1081 4811 1105 4846 v.
1125 4797 1194 4859 221.)
1224 4803 1249 4848 ts
1265 4797 1380 4866 moesti,
1411 4806 1440 4851 iit
1456 4800 1505 4851 lioc

324 4852 433 4933 faceres
451 4860 547 4925 (usquc
566 4860 638 4913 euim
653 4862 740 4928 pote).
769 4860 831 4914 Non
852 4864 943 4916 tamen
962 4861 1137 4924 reticendum,
1154 4862 1216 4916 Hau
1252 4863 1308 4918 'nin
1326 4866 1354 4919 in
1372 4866 1422 4920 alt
1442 4865 1505 4921 edit.

323 4934 454 4988 recepisse
483 4923 625 4980 lectionem
662 4927 689 4980 in
717 4929 836 5008 antiquis
858 4929 913 4983 iarn
932 4929 1009 4984 editt.
1029 4929 1219 4997 (Pithoeanse
1251 4930 1407 4992 Plautino.)
1423 4950 1504 5001 appa·

322 4991 426 5042 rentem
442 4991 514 5046 lune
529 4994 644 5061 faciem,
665 4994 770 5050 Puncto
782 5014 809 5050 in
821 4996 875 5052 dne
892 5014 984 5053 sersus
1002 4999 1097 5066 posito.
1115 5027 1148 5035 -
1165 4996 1254 5068 Sillig.
1274 5005 1339 5069 post
1357 5020 1426 5056 curs
1441 5002 1504 5055 Colo
