3359 5725
578 633 809 700 AENEIDOS
830 633 914 700 LIB.
936 633 997 699 IX.
1303 640 1364 701 239

124 867 126 870 ,
196 796 273 863 Esse
297 807 421 885 putent,
443 798 604 864 decimum
628 822 707 886 quos
731 798 858 864 distulit
879 799 1001 863 Hector
1022 799 1056 861 iu
1078 820 1207 863 anuum.
1314 812 1363 862 155

120 911 125 949 i
196 880 285 946 Nunc
308 880 401 963 adeo,
424 881 539 947 melior
560 883 713 969 quoniam
736 904 813 967 pars
836 891 912 946 actu
933 882 1008 963 diei,

120 973 124 1036 l
195 963 286 1043 Quod
309 976 468 1051 superest,
489 965 566 1030 laeti
587 964 670 1030 bene
691 967 792 1048 gestis
816 987 955 1051 corpora
977 962 1074 1028 rebus

191 1047 376 1125 Procurate,
398 1049 470 1126 viri,
491 1058 523 1113 et
542 1071 586 1135 pu
633 1069 686 1111 am
708 1058 837 1134 sperate
860 1047 1003 1135 parari.“

190 1128 320 1195 Interea
342 1129 480 1215 vigilum
502 1153 585 1196 exon
609 1132 650 1195 iis
673 1129 823 1195 obsidere
845 1140 958 1217 portas

191 1213 280 1279 (lura
301 1213 398 1277 datur
419 1212 572 1300 Messapo
595 1224 627 1278 et
647 1214 777 1278 moenia
798 1217 930 1299 cingere
951 1213 1100 1278 flammis.
1316 1226 1362 1276 155

189 1296 248 1361 Bis
269 1304 396 1381 septem
416 1296 537 1379 Rutuli,
559 1319 667 1362 muros
688 1298 745 1382 qui
766 1296 868 1361 milite
890 1307 1030 1379 servent,

187 1379 332 1460 Delecti3
354 1389 406 1444 ast
426 1378 499 1445 illos
521 1382 648 1444 centeni
670 1402 829 1466 quemque
851 1390 1027 1466 sequuntur

188 1462 352 1548 Purpurei
375 1463 482 1526 cristis
501 1463 634 1527 iuvenes
655 1485 734 1527 auro
758 1485 799 1526 55
820 1464 956 1528 corusci.

187 1546 388 1610 Discurrunt
409 1548 605 1632 variantque
626 1547 714 1609 vices
773 1548 864 1633 sique
886 1567 945 1630 per
965 1544 1102 1610 herbam

189 1734 399 1741 mm

186 1861 1361 2049 151915159519...21111119559191559111

184 1997 331 2050 lectionem
345 1998 451 2064 seruiit.
471 2028 504 2035 —
523 2014 622 2065 ,quos
639 1997 731 2049 dictu
752 2003 778 2049 st
794 1996 938 2064 Hector,-
954 2011 1002 2063 pro
1014 1997 1135 2065 vulgari:
1172 2014 1361 2052 5515515555-

184 2068 232 2117 tus
250 2066 279 2117 et
298 2063 454 2116 5555111515
476 2064 556 2116 ressit
574 2068 603 2117 et
622 2064 770 2117 retardavit
788 2079 836 2132 per
860 2080 944 2117 annos
973 2064 1073 2117 decem.
1108 2015 1215 2144 thlI17
1234 2069 1284 2119 288
1301 2083 1359 2135 sq.

184 2131 259 2184 Hinc
287 2130 426 2199 eleganter
485 2131 521 2182 ud
539 2131 649 2184 Abronii
674 2131 772 2184 Silonis
801 2130 873 2200 apud
895 2132 956 2185 Seii.
975 2131 1083 2184 Suasor.
1104 2132 1140 2194 II,
1159 2135 1187 2186 et
1203 2149 1232 2186 in
1249 2083 1360 2186 Anthol.

185 2199 248 2252 Lat.
269 2215 297 2267 p.
317 2201 359 2251 87.
379 2198 539 2252 bellimons
556 2198 678 2252 concidit
697 2198 829 2252 Hector.“
861 2199 1001 2268 115515-
1020 2197 1079 2258 tot.
1099 2200 1189 2269 Intpp.
1221 2201 1362 2255 conferunt

188 2266 268 2319 Hom.
292 2263 343 2317 Od.
362 2264 424 2329 XII,
443 2269 489 2318 291
511 2282 550 2335 sq.
578 2266 665 2327 xvii.
685 2271 741 2321 199.
759 2265 793 2318 Π.
812 2265 848 2330 ΙΙ,
869 2270 925 2320 381.
944 2266 1019 2329 VIII,
1046 2270 1095 2319 592
1115 2285 1171 2337 sqq.
1202 2271 1252 2320 529
1269 2285 1308 2338 sq.
1335 2270 1362 2321 et

185 2333 260 2395 XIX,
280 2335 338 2386 275.
357 2364 390 2372 -
407 2333 503 2386 Nunc
533 2335 626 2388 adeo.
648 2332 709 2388 Vid.
730 2332 764 2386 sd
781 2332 818 2398 Π,
837 2336 895 2386 567.
913 2364 946 2372 -
963 2332 1085 2386 melior
1100 2352 1183 2402 pars
1200 2336 1282 2397 diei,
1301 2336 1317 2389 i.
1338 2351 1359 2388 e.

185 2400 283 2466 155151,
303 2403 336 2453 55
353 2401 425 2453 boun
444 2417 513 2468 pars
530 2417 578 2468 pro
599 2418 625 2454 m
682 2402 770 2466 a(eiu
787 2407 864 2466 95555
884 2401 973 2466 Tbeil)
993 2416 1016 2453 5.
1033 2416 1060 2467 g.
1078 2417 1121 2469 ap.
1140 2401 1196 2453 Cic.
1215 2403 1248 2456 de
1260 2403 1304 2455 Or.
1323 2401 1359 2462 ΙΙ,

185 2473 211 2531 3,
235 2471 284 2532 lt,
303 2469 375 2520 bonu
396 2468 477 2537 eopia
496 2484 540 2536 ap.
558 2416 729 2537 Horffilist.
747 2466 770 2529 1,
791 2469 972 2532 18,109.etc.
1003 2467 1090 2520 Verba
1110 2469 1210 2521 melior
1231 2487 1257 2537 q.
1279 2487 1311 2538 p.
1334 2488 1360 2520 a.

185 2536 249 2588 diei
277 2533 369 2587 addito
388 2534 476 2587 Verbo
494 2544 533 2588 est
549 2537 709 2604 repetuntur
732 2534 1057 2597 immutaturus,
1079 2537 1135 2589 276.
1165 2537 1193 2588 55
1221 2535 1361 2603 sequentia

185 2605 254 2654 benc
279 2602 362 2669 pestis
393 2619 515 2671 corporo
536 2604 616 2655 rebus
631 2602 793 2665 Procurate,
810 2601 868 2653 viri
883 2601 947 2655 ibid.
968 2617 993 2654 v.
1011 2606 1063 2683 Ι194
1081 2618 1093 2654 5
1114 2632 1171 2655 .-
1190 2601 1250 2682 167.
1271 2606 1361 2681 quad

184 2668 967 2816 551551515511551515551555
975 2671 1080 2791 ssi..
1100 2669 1361 2804 5551595

191 2806 323 2871 rogantis,
345 2806 411 2858 Aen.
430 2808 521 2857 autern
540 2804 572 2870 V,
591 2809 650 2858 691.
670 2806 698 2857 55
711 2809 770 2858 799.
788 2803 934 2867 hortantis,
952 2806 992 2858 itu
1011 2806 1036 2860 h.
1056 2805 1074 2858 l.
1104 2805 1295 2877 praecipientis
1326 2806 1362 2858 sit

188 2875 220 2924 et
241 2886 291 2939 sup
310 2870 417 2925 lendum
436 2878 486 2935 „ut
503 2873 579 2926 iiut.“
616 2873 761 2941 comparat
783 2872 864 2926 etium
887 2872 936 2927 Sil.
954 2873 1015 2937 XII,
1035 2877 1084 2927 258
1103 2891 1142 2942 sq.
1172 2882 1255 2943 rupta
1282 2880 1362 2942 petu-

186 2956 258 3001 mns‚
323 2941 362 2992 od
370 2948 501 3010 coeperest,
521 2939 622 3008 Libyci
631 2941 754 2993 dictoris
771 2941 904 3007 tequam
922 2941 968 3008 qui
981 2945 1073 2994 tumen
1090 2941 1166 2993 locus
1183 2957 1235 2994 uon
1253 2956 1361 3009 prorsus

187 3005 311 3060 eiusdem
329 3012 372 3061 est
390 3007 496 3087 generis
514 3023 575 3061 cuni
592 3009 692 3071 nostro,
711 3008 759 3060 ubi
777 3005 941 3074 praecedunt
959 3008 1053 3061 verba:
1081 3009 1180 3061 melior
1201 3008 1361 3075 quioniam

183 3091 258 3145 pars
269 3081 333 3127 actu
344 3074 417 3143 11151,Ι
437 3091 519 3145 quere
537 3075 619 3129 etiam
637 3074 758 3143 vulgaris
776 3074 846 3128 ratio
863 3073 1024 3142 Ladewigio,
1043 3075 1207 3143 Coningtoui
1224 3077 1252 3128 et
1266 3074 1362 3127 Benoi·

186 3146 231 3194 sto
251 3142 366 3221 probata
392 3141 483 3205 habet,
506 3159 559 3211 quo
589 3141 796 3195 commendetur.
828 3170 862 3178 -
891 3142 968 3194 bene
995 3143 1099 3208 pestis
1126 3144 1234 3206 rebus,
1263 3141 1361 3194 timore

186 3208 315 3262 hostibus
343 3209 461 3265 incusso.
490 3240 522 3248 -
552 3227 699 3278 corpora
729 3209 924 3262 Procurate.
963 3208 1024 3261 Vid.
1045 3208 1080 3261 ud
1099 3207 1163 3262 Geo.
1182 3208 1229 3271 IV,
1253 3212 1309 3261 197.
1330 3236 1359 3246 -

186 3276 251 3337 158.
265 3278 395 3346 parari
412 3277 492 3331 155515
505 3279 547 3331 555
559 3277 679 3330 omnium
696 3277 750 3330 fere
764 3279 792 3328 et
804 3275 969 3343 optimorum
980 3275 1074 3340 cidi„
1092 3275 1242 3345 quum'iure
1255 3291 1361 3330 revoca·

185 3347 254 3398 runt
277 3343 391 3407 Waket,
417 3344 493 3398 151111.
523 3347 551 3398 55
574 3344 679 3413 Wagn,
729 3359 777 3396 uos
803 3342 887 3396 ctiam
912 3343 1073 3412 posteriores
1107 3343 1225 3397 editores
1253 3346 1362 3411 praeter

185 3412 321 3479 Bryceum
350 3428 441 3466 omnes
464 3412 549 3466 secuti
572 3415 644 3465 suut.
674 3410 709 3464 si
738 3409 889 3464 rilectioui
914 3412 1020 3531 parati,
1055 3427 1133 3465 sures
1161 3412 1269 3481 ingrato
1297 3427 1361 3463 5555

184 3477 360 3532 vehementer
386 3479 540 3543 offendenti,
570 3495 650 3549 qnam
676 3478 807 3532 aBurm.
836 3494 895 3531 rece
928 3494 971 3532 sm
1002 3480 1120 3533 55115115
1141 3479 1228 3547 Heyn.
1268 3478 1361 3532 favent

188 3549 300 3600 tautum
313 3546 402 3599 Palut.
421 3547 465 3613 (de
483 3563 534 3616 quo
553 3548 644 3600 tamen
654 3545 779 3600 Ribbeck.
797 3547 882 3611 tacet)
930 3547 995 3599 oret.
1012 3547 1049 3600 11.
1062 3549 1091 3600 et
1110 3547 1219 3615 plurimi
1230 3519 1362 3599 llacrobii

187 3613 220 3678 V,
239 3618 265 3675 9,
285 3617 308 3667 4.
327 3630 354 3682 p.
372 3617 429 3667 411.
450 3615 506 3668 lau.
525 3615 562 3683 (p.
582 3617 623 3667 86.
641 3613 713 3692 Bip.)
737 3615 765 3666 et
782 3613 844 3676 vil,
865 3617 887 3676 l,
906 3617 946 3667 23.
965 3631 991 3683 p.
1010 3618 1067 3668 559.
1085 3615 1142 3668 Ian.
1160 3618 1196 3682 (p.
1214 3613 1361 3681 2951115.)

188 3679 286 3743 codd„
311 3681 357 3749 qui
375 3682 462 3734 locum
482 3681 638 3735 memoriter
657 3681 765 3734 videtur
791 3680 895 3735 afferre.
930 3682 1012 3735 Recte
1030 3683 1148 3736 Serviunt
1178 3681 1267 3750 „Ergo
1285 3697 1302 3733 5
1319 3697 1361 3734 nie

187 3748 280 3817 parari
298 3751 413 3817 sperate,
433 3749 450 3803 i.
470 3765 492 3803 e.

186 3846 219 3854 —
240 3813 303 3874 169.
322 3833 403 3869 coro
421 3845 433 3855 ·
451 3846 462 3856 ·
480 3766 645 3870 ilesunc.
680 3815 741 3868 Vid.
765 3815 799 3868 ad
817 3816 882 3870 (155.
901 3816 923 3880 Ι,
943 3820 1000 3869 395.
1019 3818 1066 3884 (ΙΙ,
1084 3821 1124 3870 73.
1144 3816 1196 3881 ΙΠ,
1216 3821 1271 3870 124.
1294 3817 1359 3869 Aen.

185 3883 209 3948 Ι,
231 3886 290 3936 794.
317 3882 363 3947 51)
380 3913 413 3923 -
431 3884 561 3936 incenia
584 3886 685 3950 (eastra
707 3882 880 3947 Rutulorum)
906 3883 1039 3952 cingere
1063 3885 1224 3952 flammis,
1252 3883 1360 3951 ignibus

186 3950 221 4003 ad
240 3950 366 4003 excubias
383 3951 510 4004 accensis.
543 3950 585 4004 Gi.
602 3950 681 4004 Hom.
700 3950 733 4004 11,
751 3949 826 4028 vin,
846 3954 894 4003 553
913 3965 952 4018 sq.
988 3951 1090 4004 Peerlk.
1114 3950 1195 4004 verba
1211 3958 1237 4001 et
1252 3950 1362 4001 moenia

185 4018 298 4084 dripere
319 4017 449 4085 flammis,
500 4033 550 4072 555
580 4034 634 4071 non
663 4020 736 4071 recte
763 4016 796 4070 de
813 4017 922 4085 ignibus
940 4016 1053 4086 vigilum
1071 4018 1195 4071 dicuntur
1213 4014 1258 4082 ti).
1276 4015 1361 4068 invito

186 4089 269 4153 poeta
286 4101 318 4138 eii
335 4085 401 4138 Aen.
418 4084 451 4151 X,
472 4036 527 4139 tlt.
549 4084 602 4138 buc
619 4086 755 4139 5151151555
771 4085 861 4152 putat,
881 4083 926 4137 ubi
955 4083 1019 4137 haec
1048 4085 1130 4137 verba
1161 4084 1215 4135 iam
1245 4082 1360 4150 legimus

531 3751 679 3829 ugnaturos
698 3765 744 3801 uos
762 3749 867 3815 scitote,
885 3749 950 3803 11555
966 3748 1057 3804 hostes
1077 3750 1161 3803 muiu's
1182 3765 1210 3803 se
1222 3751 1359 3803 teneant‘*

186 4152 242 4205 5115
262 4168 342 4206 551155
367 4150 820 4232 5551511115.1111515111.1155.,.15515ἶ
839 4152 868 4204 55
884 4149 958 4204 Bem.
979 4152 1014 4204 II.
1035 4151 1078 4204 liic
1096 4151 1222 4204 exhibent
1235 4151 1359 4229 flumme

185 4220 315 4299 1155515111
332 4224 478 4340 respicitur
494 4220 538 4272 bie
558 4220 632 4273 loeus
651 4237 678 4272 in
699 4217 867 4298 1151515511.
884 4220 934 4271 684
953 4234 991 4287 sq.
1014 4248 1042 4256 —
1066 4218 1124 4277 161.
1142 4218 1229 4298 Heyp.
1247 4218 1361 4272 conferri

186 4287 264 4342 iubet
280 4286 359 4341 11515.
393 4286 476 4350 1.Ι1Ι,
496 4291 528 4341 85
548 4304 590 4357 sq.
610 4318 639 4326 -
659 4286 790 4338 Rutula
809 4284 900 4339 lleins.
920 4302 951 4339 ex
969 4302 1022 4338 uno
1040 4285 1111 4340 Med.
1142 4285 1227 4340 edidit
1244 4285 1360 4351 Itiitulo,

186 4370 270 4424 quain
294 4355 445 4416 lectionem,
464 4354 586 4408 Potterio
607 4356 687 4433 teste,
717 4352 824 4431 eihibet
854 4353 936 4432 etiam
954 4370 1024 4407 unus
1041 4353 1125 4409 Paris.
1145 4353 1176 4408 V.
1182 4373 1191 4432 ξ
1222 4354 1268 4406 sed
1299 4369 1360 4406 cum

185 4420 1283 4557 {uttifflitututtuttttttutrtttiultttm..lituu
1300 4436 1361 4538 Ill

186 4533 315 4611 steriores
334 4558 443 4626 praeter
461 4556 592 4626 Bryceum
618 4571 709 4609 omnes
738 4529 888 4608 servarunt.
923 4555 1026 4611 Peerlk.
1057 4573 1118 4610 vero
1212 4558 1286 4608 atam
1313 4503 1361 4606 ge·

186 4623 260 4679 feudi
302 4640 364 4678 eum
383 4623 471 4677 milite
487 4624 528 4677 ita
544 4624 615 4676 uude
635 4623 753 4693 positum
765 4638 817 4675 nou
835 4622 950 4701 placeat.
971 4654 997 4662 -
1018 4632 1156 4681 servent.
1200 4623 1234 4676 id.
1254 4620 1359 4675 adnott.

185 4693 220 4745 ud
238 4691 296 4747 Ee.
315 4691 369 4757 ΙΙΙ,
392 4696 434 4744 75.
454 4694 482 4745 55
499 4691 563 4745 (155.
583 4690 604 4757 l,
623 4695 679 4745 335.
698 4723 730 4729 -
749 4687 811 4769 162.
830 4689 915 4769 ellos
934 4721 964 4729 -
1004 4708 1143 4760 nemque.
1178 4689 1239 4742 Vid.
1260 4687 1359 4767 51161,

186 4763 244 4814 743.
279 4760 410 4814 Ceterum
428 4758 454 4811 li.
473 4759 491 4812 1.
518 4761 581 4812 5555
599 4758 690 4811 555155
720 4757 815 4813 habuit
844 4757 925 4812 Silius
943 4757 980 4812 XI
1012 4800 1018 4822 ,
1051 4764 1107 4812 192.
1137 4759 1203 4811 11555
1227 4755 1359 4809 scribens:

187 4828 254 4886 Qut's
269 4829 380 4882 delecto
398 4844 494 4879 manus
515 4826 622 4879 centeni
643 4827 740 4894 5511555
754 4826 880 4892 ferebant
896 4825 1045 4879 Excubiae.
1066 4857 1096 4864 -
1116 4825 1176 4885 163.
1192 4825 1362 4893 purpurei

184 4896 313 4950 cristis.
350 4892 668 4947 viduandam.
703 4892 786 4946 Codd.
818 4891 928 4960 quidam
946 4892 1086 4947 deterioris
1103 4898 1184 4946 notae
1212 4907 1273 4944 cum
1290 4891 1359 4946 Gud.

184 4977 252 5018 515.
271 4979 325 5018 sec.
345 4964 375 5015 et
393 4960 443 5015 lul.
462 4911 603 5014 Rufiniano
621 4977 647 5028 p.
667 4964 724 5014 259.
745 4960 776 5013 R.
796 4961 852 5029 (qui
869 4965 960 5015 tumen
975 4961 1117 5014 Ribbeckio
1131 4960 1273 5031 purpurei
1287 4959 1360 5014 vide·

185 5030 228 5084 tur
244 5030 359 5102 legisse)
377 5028 510 5095 praebent
522 5029 680 5097 purpureas.
706 5059 726 5066 -
750 5026 810 5087 164.
831 5029 1050 5092 Discurrunt,
1074 5045 1152 5082 suani
1173 5027 1285 5097 quisque
1305 5032 1361 5081 sta·
