3359 5725
207 562 208 565 ¹
320 573 360 635 60
673 571 708 635 Ρ.
730 569 918 635 VERGILI
938 569 1136 635 MARONIS

320 734 505 801 Caelestum
526 737 578 798 vis
600 756 720 820 magna
741 734 839 801 iubet.
884 735 956 800 Rex
976 736 1048 821 ipse
1069 735 1219 819 Latinus,

320 818 362 881 Ni
383 817 464 882 dere
486 819 581 882 coniu
606 820 672 882 ium
695 827 726 882 et
748 818 834 884 dioto
858 819 1125 906 parerefatetur,

321 900 446 965 Sentiat
468 910 501 965 et
521 841 653 965 tandem
677 900 824 966 Turnum
848 905 1037 988 experiatur
1058 902 1091 964 in
1114 903 1247 968 armis.“

402 982 467 1046 Hic
488 984 614 1048 iuvenis
637 992 744 1048 vatem
766 983 911 1048 inridens
934 988 981 1048 sie
1004 1006 1079 1048 orsa
1100 987 1244 1049 vicissim
1438 999 1478 1048 tri

321 1065 389 1130 Ore
410 1066 524 1131 refert:
545 1066 690 1147 „Classis
713 1069 859 1131 invectas
882 1065 1062 1153 Thybridis
1085 1068 1206 1133 undam

320 1148 402 1226 Non,
419 1159 454 1212 ut
477 1171 557 1229 rere,
581 1171 668 1213 meas
691 1151 803 1235 effugit
824 1152 955 1215 nuntius
978 1151 1086 1231 auris;

321 1231 369 1295 Ne
389 1242 497 1296 tantos
520 1231 597 1296 mihi
619 1233 705 1329 finge
729 1247 843 1297 metus.
886 1234 953 1297 Nec
975 1234 1068 1318 regia
1089 1232 1168 1298 Iuno

321 1312 485 1378 Inmemor
508 1325 556 1378 est
576 1326 696 1397 nostr13

318 1598 989 1735 tr‘tttt.“u.”tt.·..¹¹tflfflsnl‚³·e*
1033 1607 1116 1722 ..is
1142 1709 1149 1749 ,
1177 1617 1246 1723 ei?
1268 1601 1485 1737 testari}
1541 1720 1542 1727 .

319 1735 377 1786 511.
397 1732 471 1786 Vast.
489 1734 536 1795 IV,
555 1738 612 1788 275.
631 1737 693 1789 cett.
713 1764 744 1772 —
763 1732 827 1795 432.
862 1735 1085 1789 Caelestum
1109 1753 1342 1806 eremoque,
1368 1753 1486 1806 magnum

319 1799 428 1868 aliquod
457 1817 564 1868 numen,
594 1803 670 1856 Iuno.
707 1802 796 1868 (Prius
817 1821 917 1870 mapsa
947 1803 1036 1856 minus
1063 1806 1135 1857 recte
1152 1805 1247 1858 Aecus.
1276 1804 1394 1858 habuis
1423 1805 1487 1858 iuis

319 1868 479 1935 pendentem
511 1872 540 1922 ct
567 1887 615 1939 pro
644 1869 811 1923 memorabili
842 1870 958 1924 facinore
988 1871 1114 1940 positum,
1144 1872 1171 1923 in
1201 1888 1252 1940 quo
1304 1888 1427 1941 erperam
1450 1888 1486 1925 me

320 1939 429 1988 secutus
459 1940 501 1989 est
517 1937 621 2005 Bryeeh
657 1937 723 1991 Gen.
753 1939 896 1990 caelestum
923 1937 1038 2006 legimus
1068 1938 1150 1991 etimn
1170 1938 1249 1993 Luer.
1307 1979 1313 1999 ,
1341 1944 1414 1993 1274.
1442 1939 1486 1992 Cs-

321 2001 380 2055 tuu.
402 2002 497 2069 Lxrv,
519 2009 575 2059 rer.
594 2009 649 2057 214.
670 2003 746 2059 evin
766 2005 831 2058 Met.
852 2006 875 2067 1,
898 2010 951 2059 rso.
970 2006 1046 2059 rasi.
1066 2002 1113 2067 lv,
1132 2009 1189 2059 aie.
1208 2010 1266 2061 ns.
1284 2006 1319 2060 al.
1357 2007 1401 2061 sic
1418 2023 1488 2074 0920-

321 2076 390 2121 stem
408 2069 472 2124 Geo.
492 2072 514 2135 Ι,
536 2075 572 2124 to.
592 2072 651 2125 Cul.
671 2076 711 2126 21.
730 2075 757 2126 et
774 2089 817 2141 ap.
836 2072 912 2127 Orid.
931 2074 997 2126 Met.
1015 2073 1087 2135 XIV,
1107 2077 1164 2126 635.
1200 2073 1240 2128 Gt.
1259 2073 1336 2127 Neue
1353 2073 1487 2128 Formati.

321 2135 357 2188 ΙΙ.
375 2152 401 2204 p.
420 2141 461 2190 22.
481 2169 512 2178 -
532 2137 596 2199 433.
628 2139 725 2193 dieto
750 2157 875 2218 parcre
904 2142 946 2207 (ut
965 2140 1014 2202 III,
1037 2142 1115 2207 reeh,
1146 2141 1163 2193 i.
1183 2157 1206 2197 e.
1255 2141 1378 2195 somissis
1408 2142 1487 2209 (cir.

321 2205 391 2268 366.)
410 2208 492 2259 stare.
528 2206 654 2260 Ceterum
684 2206 717 2262 et.
741 2206 838 2259 nmilia
861 2207 935 2261 loeus
952 2207 1015 2269 XII,
1035 2212 1092 2261 566.
1128 2159 1277 2276 coniugiis
1296 2209 1420 2274 adnotat,
1441 2210 1488 2276 fo·

321 2278 408 2323 tetur
438 2275 573 2327 continere
604 2273 739 2328 notionem
770 2291 914 2328 consensus
945 2274 1099 2346 (ὁμολογεῖ)
1119 2278 1147 2328 et
1165 2280 1302 2344 comparet
1319 2276 1401 2346 Prop.
1419 2275 1450 2341 V,
1467 2279 1487 2337 6,

322 2343 362 2392 79.
391 2357 453 2393 sero
485 2343 640 2405 confessum
684 2345 783 2395 cedere
810 2343 952 2395 Parthum.
987 2343 1027 2396 De
1056 2342 1199 2397 Infinitivis
1230 2347 1321 2398 autem
1341 2344 1488 2399 Praesentis

321 2409 398 2473 dare,
448 2425 535 2469 urere,
565 2408 618 2462 vid.
692 2409 724 2471 V,
747 2413 784 2463 18.
804 2440 837 2448 -
855 2408 914 2469 434
951 2409 1037 2477 Wagn
1073 2411 1131 2465 iure
1160 2411 1259 2465 delerit
1276 2412 1390 2466 Comma

340 2476 384 2528 ost
424 2477 510 2530 estiot
536 2477 663 2546 positum,
692 2478 724 2530 ut
755 2476 915 2531 cohaereant·
945 2477 1052 2530 Seutiot
1069 2480 1199 2546 Tarsam,
1230 2479 1289 2532 coll.
1308 2478 1368 2533 Vel.
1387 2479 1460 2534 llll
1483 2517 1489 2541 ‚

321 2491 378 2595 ll5.
410 2544 471 2598 Nos
517 2563 553 2598 no
573 2563 613 2609 ue,
644 2561 694 2597 nos
721 2546 853 2610 Amqenm
871 2574 883 2585 ·
901 2574 913 2585 ·
930 2543 1078 2611 Sensimus,
1107 2545 1145 2598 ibi
1164 2562 1198 2599 ue
1213 2546 1305 2600 Burm.
1342 2546 1378 2600 Ct
1415 2547 1490 2600 etiam

320 2609 398 2662 Hom.
417 2610 451 2664 Il.
470 2563 572 2678 xdflff
591 2614 640 2663 268
658 2628 717 2680 sqq.
751 2600 854 2677 (Secuti
883 2615 948 2665 sunt
975 2613 1055 2666 ceteri
1073 2563 1234 2667 recentiores
1254 2614 1372 2668 editores
1390 2617 1490 2683 practer

320 2675 535 2745 Coningtouem.)
572 2678 679 2731 Scatirc
708 2681 799 2731 autern
823 2679 880 2746 (Gr.
911 2679 1114 2743 αἰσθάνεσθαι,
1143 2685 1266 2735 nostrum
1309 2682 1403 2748 ethica)
1430 2683 1448 2734 i.
1483 2725 1488 2736 .

320 2758 419 2812 magno
449 2761 497 2798 sno
525 2745 597 2798 mulo
628 2762 641 2798 e
678 2745 748 2798 eriri.
784 2745 824 2800 Cf.
856 2746 915 2799 Val.
946 2746 985 2800 Fl.
1013 2746 1030 2800 l.
1050 2747 1068 2800 l.
1091 2747 1231 2817 Wyttenb.
1260 2683 1331 2802 Biil.
1364 2749 1426 2802 erit.

320 2814 345 2864 4.
364 2827 388 2890 p.
410 2815 450 2867 53.
469 2815 497 2866 ct
527 2812 633 2868 Ruhnlr.
685 2830 721 2869 er.
751 2812 865 2881 Enni,
887 2817 912 2878 t,
936 2816 976 2871 21.
1007 2816 1125 2882 (sochi,
1156 2817 1206 2937 qai
1233 2817 1276 2870 sir
1303 2817 1396 2884 senti,
1430 2831 1489 2887 qnos

321 2877 406 2936 Threl.
427 2877 528 2934 laudat.
565 2881 625 2934 Vid.
652 2882 734 2933 etiam
764 2884 841 2935 cento
867 2881 968 2949 Vergil.
997 2883 1026 2935 in
1051 2883 1135 2937 Anth.
1183 2885 1219 2937 at.
1238 2884 1289 2949 VI,
1308 2888 1354 2944 84,
1374 2889 1416 2941 60.
1451 2884 1490 2938 sic

321 2944 402 2999 etiem
421 2949 543 3017 experiri
560 2950 679 3018 aliquem
697 2948 769 3002 haud
787 2965 847 3002 raro
866 2948 974 3017 legitur,
992 2950 1066 3003 velut
1083 2968 1125 3020 ap.
1144 2951 1234 3004 Plaut.
1255 2951 1337 3006 Mero.
1354 2952 1403 3015 lv,
1416 2956 1440 3016 4,
1452 2956 1488 3005 29.

320 3012 380 3067 Ter.
400 3015 496 3069 Heaut.
515 3016 547 3082 V,
568 3021 592 3078 2,
614 3021 652 3072 12.
682 3016 747 3069 Hor.
767 3016 817 3070 Od.
835 3017 882 3080 IV,
902 3021 926 3083 4,
945 3021 969 3070 3.
999 3017 1309 3075 cracuaensem.
1337 3023 1389 3074 etc.
1410 3020 1490 3072 -is

320 3083 457 3148 armis,
488 3088 631 3138 armatum.
667 3084 728 3138 Vid.
758 3084 792 3137 ad
820 3084 854 3151 V,
885 3089 943 3138 440.
976 3115 1007 3123 -
1036 3085 1099 3146 435.
1133 3086 1247 3149 Tamus,
1277 3103 1348 3142 nunc
1376 3087 1489 3156 primum

319 3150 346 3203 in
378 3166 484 3205 scenam
534 3152 647 3216 rediens,
676 3153 769 3206 statim
793 3154 828 3205 ab
857 3150 935 3205 initio
964 3155 1105 3220 tamqnam
1128 3153 1207 3206 homo
1225 3156 1356 3221 superbus
1374 3157 1403 3207 ct
1420 3170 1490 3208 arro·

338 3234 387 3271 ans
414 3235 431 3272 a
459 3225 508 3288 poe
567 3219 730 3289 depingitur,
760 3237 812 3289 quc
842 3220 928 3289 magis
959 3220 1063 3273 eluceat
1079 3220 1184 3274 Aeneae
1212 3221 1300 3290 pietas
1323 3224 1351 3275 et
1369 3236 1490 3276 verecun-

319 3234 371 3339 dia
392 3315 425 3323 -
441 3294 549 3339 vatem
567 3289 652 3355 Heyn.
682 3287 799 3355 explicat
818 3304 866 3356 per
892 3286 1065 3342 sacerdotem.
1101 3287 1154 3341 Sed
1171 3288 1232 3341 vide
1249 3288 1321 3342 infre
1338 3289 1373 3342 ad
1391 3305 1416 3343 v.
1438 3292 1490 3343 en.

319 3383 351 3390 -
370 3353 419 3405 sic
438 3370 517 3406 orsa
536 3372 596 3406 ore
613 3357 734 3422 refert,
764 3370 812 3421 pre
831 3353 959 3421 simplici:
988 3353 1035 3415 sic,
1058 3354 1108 3407 tuli
1126 3355 1244 3410 oratione
1264 3356 1417 3435 respondet
1452 3355 1491 3409 ef.

319 3418 342 3479 Ι,
361 3421 419 3472 325.
450 3419 485 3484 11,
507 3423 531 3473 2.
563 3420 908 3484 VI,125.562.al.Orsa
935 3421 1036 3473 antem·
1057 3422 1184 3489 (passive)
1211 3439 1258 3492 pro
1289 3423 1370 3477 dictis
1393 3422 1491 3491 legitur

319 3486 402 3539 etiarn
420 3486 453 3550 X,
473 3490 529 3541 632.
549 3490 577 3540 et
594 3504 637 3556 up.
655 3488 713 3540 Vel.
738 3488 779 3541 Vl.
797 3487 829 3550 V,
849 3490 907 3539 472.
927 3488 1011 3540 Totis
1027 3489 1141 3543 miranti
1151 3509 1191 3560 pr
1230 3490 1273 3542 ine
1289 3491 1354 3544 sotir
1372 3508 1438 3544 orsa
1455 3499 1490 3560 ty·

319 3570 417 3606 ranno.
438 3554 526 3607 Verba
543 3555 584 3607 sic
603 3573 668 3607 orsa
686 3556 805 3607 vicissim
824 3555 959 3608 iterantur
977 3554 1004 3606 in
1022 3555 1095 3609 Anth
1122 3557 1174 3610 Lat
1244 3562 1290 3611 178
1318 3560 1369 3613 349
1388 3556 1490 3619 -436,

320 3620 506 3689 Thybridis
527 3623 650 3674 rendum
673 3622 752 3675 lectio
770 3625 812 3675 est
828 3621 909 3684 Med,
938 3623 1036 3691 fragm.
1055 3622 1119 3680 Vat.
1138 3625 1302 3693 aliorumque
1320 3625 1406 3681 Ccdd.
1426 3625 1492 3695 (qui-

319 3687 430 3741 buscum
459 3689 615 3757 conspirent
634 3690 730 3742 Moret.
750 3689 771 3745 I.
801 3688 910 3757 aliique,
941 3692 1031 3742 undas
1055 3690 1221 3758 exhibentes)
1241 3693 1408 3746 aBrunclrio
1426 3692 1490 3755 iure,

319 3761 394 3822 puto,
424 3761 565 3815 revocate
595 3773 653 3811 euin
686 3758 773 3810 altera
791 3758 879 3817 alveo,
910 3773 978 3826 quse
996 3774 1026 3811 ex
1045 3775 1069 3812 v.
1089 3763 1147 3812 303.
1167 3759 1244 3813 facile
1262 3761 1347 3829 repeti
1365 3760 1491 3830 potuerit,

319 3823 621 3946 iltitiect'ffdttlite‘·
634 3842 700 3945 qli}
717 3825 1002 3946 Riilmtlltl⁰iilt⁰
1015 3826 1230 3947 ..tilithi
1243 3828 1494 3949 ..distiti

319 3957 390 4012 infra
408 3957 483 4021 VIII,
503 3964 569 4023 714,
590 3912 685 4014 silini
702 3911 861 4013 mirationis
879 3959 962 4013 dedit.
997 3910 1073 4013 lehn.
1093 3936 1195 4014 candoris
1212 3911 1301 4030 pitius
1320 3913 1493 4017 librarieiurn

320 4030 499 4080 commentum
518 4044 576 4081 esse
594 4031 683 4098 putat,
713 4028 758 4097 qui
776 4029 856 4082 alveo
874 4028 901 4079 in
920 4028 971 4081 fine
990 4044 1081 4080 versus
1100 4028 1169 4081 serre
1189 4030 1336 4091 noluerint;
1367 4029 1415 4083 sed
1435 4046 1493 4084 rere

318 4097 451 4148 memorat
468 4095 574 4165 Wagu,
603 4097 674 4150 idern
704 4113 749 4150 eos
778 4095 845 4149 alibi
867 4094 962 4149 tulisse
981 4099 1017 4162 ct,
1047 4095 1154 4164 siquid
1175 4096 1334 4150 nrutsndum
1354 4096 1387 4149 iis
1407 4098 1493 4151 risum

319 4164 390 4215 esset
416 4162 507 4230 potins
525 4164 589 4217 αἰυο
608 4165 757 4233 scripturos
775 4163 868 4215 tuisse.
898 4163 984 4234 Quare
1003 4165 1110 4231 practer
1127 4163 1230 4217 Waket.
1251 4166 1277 4216 et
1297 4164 1394 4232 Wugn.
1413 4166 1493 4218 etiarn

317 4202 431 4288 Peerllr,
461 4228 553 4297 supa,
583 4231 674 4285 Gossr.
706 4234 733 4284 et
763 4246 855 4283 omnes
885 4231 1045 4283 recentiores
1067 4230 1182 4284 editores
1200 4236 1307 4300 praeter
1325 4248 1409 4284 nuum
1428 4232 1493 4300 Bry-

281 4357 283 4360 .
319 4310 394 4349 ceum
412 4298 515 4348 rmdms
533 4297 681 4351 ediderunt.
701 4329 733 4337 —
751 4295 818 4355 437.
848 4296 907 4348 Non
926 4314 968 4350 me
988 4298 1067 4364 fugit,
1086 4297 1263 4356 Troianorum
1282 4297 1396 4351 classem
1416 4300 1493 4353 adve-

319 4362 398 4425 nisse,
417 4377 502 4430 neque
521 4364 618 4424 nescio,
645 4364 774 4417 lunonem
792 4363 845 4416 mei
863 4380 921 4416 esse
939 4381 1098 4427 memorem
1128 4366 1174 4419 sed
1193 4365 1269 4419 video
1291 4369 1320 4419 te
1337 4366 1419 4420 nimis
1437 4382 1493 4420 esse

318 4430 432 4484 anxiam.
450 4458 484 4468 -
501 4433 649 4490 secretius,
681 4434 712 4484 ut
730 4431 776 4492 VI,
802 4433 857 4482 titt.
896 4432 945 4483 Hic
974 4435 1049 4484 totus
1078 4449 1171 4486 sersus
1201 4434 1335 4513 repetitur
1364 4434 1391 4486 in
1410 4433 1491 4487 Anth.

318 4497 378 4553 Lat.
396 4498 418 4561 I,
439 4499 495 4557 172,
513 4501 552 4550 79.
573 4500 601 4551 et
622 4502 678 4564 178,
700 4501 740 4552 58.
761 4530 791 4536 -
810 4496 875 4556 438,
908 4499 958 4549 Nc
977 4501 1190 4557 torrtosrrcihi
1206 4504 1299 4570 scope
1318 4509 1433 4569 metris,
1463 4504 1493 4553 ut

318 4564 495 4619 Troianorum
513 4565 659 4618 adventum
680 4583 722 4618 me
741 4565 875 4618 audivisse
893 4565 1069 4626 dissimulem,
1096 4567 1123 4619 in
1155 4583 1209 4636 qna
1237 4568 1287 4621 loci
1317 4568 1492 4637 explicatione

318 4632 402 4701 Bryce
422 4649 464 4686 me
483 4632 611 4702 sequitur.
642 4633 738 4687 Nescio
756 4636 858 4692 tamen,
877 4648 911 4686 an
930 4633 1035 4685 Ladew.
1055 4636 1153 4688 rectius
1172 4636 1366 4705 interpretetur
1383 4636 1492 4702 „macho

317 4700 357 4752 sie
373 4701 427 4753 mir
444 4701 519 4753 nicht
537 4720 570 4753 za
587 4701 673 4752 circem
691 4700 881 4767 chcsstuncle
898 4719 928 4752 sc
946 4717 1056 4768 prosser
1074 4702 1205 4769 rior-chiffl
1223 4703 1266 4756 vel
1284 4703 1392 4770 Wegm:
1422 4718 1491 4765 „non

318 4770 360 4819 est
388 4784 431 4821 res
459 4770 516 4822 tam
545 4767 681 4831 terribilis,
712 4785 791 4837 quarn
811 4771 842 4820 tu
863 4767 971 4834 fingis.“
1007 4766 1160 4822 Hoffmann.
1180 4770 1293 4840 denique
1311 4771 1337 4822 in
1358 4770 1491 4823 Zeitsehr.

318 4832 389 4900 fid.
410 4836 496 4890 Oestr.
517 4836 551 4893 G.
576 4839 646 4889 1853.
665 4852 691 4915 p.
712 4840 768 4888 5⁴5.
799 4852 852 4888 non
882 4834 951 4888 male
980 4834 1050 4887 hanc
1067 4851 1162 4889 ueram
1180 4838 1307 4905 proponit
1326 4836 1376 4891 loci
1396 4836 1492 4891 distin·

319 4900 447 4953 ctionem:
476 4933 488 4944 ·
507 4932 519 4944 ·
540 4905 689 4974 Thybridis
705 4904 808 4956 andern
828 4934 846 4940 ·
877 4903 951 4966 Nori,
969 4909 998 4953 at
1015 4918 1084 4968 rere,
1103 4921 1176 4956 meos
1192 4907 1236 4976 eff.
1255 4924 1280 4959 a.
1300 4922 1381 4959 auree
1398 4935 1432 4943 —
1449 4905 1491 4957 Ne

318 4974 410 5021 tostos
426 4970 494 5021 mihi
507 4974 579 5041 finqc
596 4978 694 5040 matria·
725 4987 773 5024 nec
789 4972 868 5039 πρίω
886 4970 957 5022 [erro
978 4971 1037 5034 etc,
1070 4971 1102 5022 ut
1119 4972 1202 5025 verba
1219 4973 1294 5040 Nos,
1325 4979 1355 5025 at
1371 4988 1490 5025 rere--
