3359 5725
556 544 785 612 AENEIDOS
807 546 891 612 LIB.
912 546 956 611 X.

200 711 360 795 Arcades,
382 711 473 794 haec,
493 712 610 797 inquit,
631 735 791 778 memores
811 735 885 778 mea
907 712 996 778 dicta
1017 713 1135 779 referte

177 763 353 861 liluandro:
376 794 515 875 Qualem
537 796 665 877 meruit,
686 795 837 860 Pallanta
858 797 997 861 remitto.

180 880 341 977 Quisquis
362 877 464 944 honos
486 877 612 957 tumuli,
633 876 712 965 quid
737 878 794 943 uid
816 878 961 944 solamen
983 878 1139 943 humandi
1159 887 1218 961 est,

177 963 331 1047 Largior.
374 961 475 1026 Haud
494 960 542 1025 illi
565 959 698 1026 stabunt
747 964 840 1026 eneia
886 983 967 1026 arvo

177 1044 365 1131 Hospitia.“
406 1044 451 1108 Et
472 1043 565 1109 laevo
590 1045 712 1131 pressit
732 1044 816 1130 pede
838 984 918 1109 talia
937 1045 1024 1110 fatus

177 1128 374 1192 Exanimem
396 1128 527 1214 rapiens
548 1128 695 1191 inmania
738 1127 861 1192 ondera
884 1126 983 1192 baltei

177 1211 433 1297 Inpressumque
454 1210 564 1274 nefas:
582 1232 649 1274 una
672 1149 735 1274 suli
752 1221 847 1274 nocte
869 1210 970 1295 iugali

179 1294 288 1360 Caesa
308 1315 423 1357 inaniis
443 1294 596 1358 iuvenum
617 1291 721 1368 foede,
744 1292 944 1378 thalamique
965 1294 1099 1375 cruenti,

178 1495 389 1505 ————---

178 1641 300 1709 στήθεσι
317 1645 431 1707 ῥαίνων,
448 1642 483 1721 nt
499 1639 621 1694 balteum
638 1643 774 1695 exueret.“
808 1641 844 1694 Η
893 1671 950 1695 .-
968 1641 1078 1721 Οιιιιιιι..
1096 1639 1160 1702 sui.
1178 1641 1212 1696 cl.
1229 1641 1277 1704 III,
1297 1646 1353 1722 ¹l⁶·

177 1709 406 1788 Haecmemores
421 1724 452 1761 re
500 1709 632 1762 mandato
656 1713 766 1789 effecte.
787 1739 819 1746 -
836 1657 1071 1788 Vffl4923duphci
1088 1709 1167 1788 inodo
1196 1713 1287 1777 potest
1315 1726 1355 1762 in-

177 1776 279 1845 telligi,
298 1777 361 1829 aut:
381 1774 488 1845 qualem
499 1774 624 1830 Euander
643 1779 751 1839 meruit,
773 1778 805 1830 ut
823 1775 877 1829 sibi
894 1776 1060 1830 remitterem
1071 1775 1166 1840 filiurn,
1184 1779 1233 1831 aut
1249 1776 1356 1846 qualem

178 1843 274 1897 Pallas
292 1843 401 1905 meruit,
420 1844 453 1922 ut
470 1858 498 1896 se
517 1843 696 1922 remitterem,
726 1843 746 1896 i.
765 1859 786 1897 e.
811 1845 844 1896 ut
861 1843 959 1912 dignus
989 1845 1049 1897 erat
1076 1843 1164 1898 audax
1192 1843 1355 1899 adolescens.

178 1911 258 1965 Hanc
275 1911 541 1976 alteram2rationem,
558 1927 602 1965 cui
614 1911 715 1981 optime
726 1910 890 1981 respondent
902 1912 1043 1980 sequentia
1054 1911 1144 1975 verba,
1162 1911 1219 1966 iure
1236 1912 1357 1980 praefert

178 1979 275 2047 Heyn,
307 1977 352 2032 cui
380 1977 462 2032 etiam
494 1977 586 2032 Gessr.
613 1982 642 2032 et
672 1978 754 2032 ceteri
782 1979 944 2033 recentiores
977 1977 1093 2032 editores
1125 1981 1233 2058 praeter
1249 1980 1353 2034 Peerlk.

177 2048 208 2100 et
237 2045 349 2124 wigii..
366 2045 569 2113 adsentiuntur,
609 2046 655 2114 qui
673 2046 798 2114 ¹’priorem
826 2044 1029 2166 amplectuntur
1061 2046 1276 2115 exphcationem.
1321 2047 1357 2100 Et

177 2111 285 2167 Peerii.
304 2111 412 2183 quidem
430 2111 496 2166 haec
524 2112 653 2167 adnotat:
681 2113 819 2178 „Remitto
847 2113 887 2167 il'
906 2112 1070 2182 Pallantem,
1099 2130 1152 2167 non
1175 2115 1278 2176 vivum,
1308 2113 1355 2168 sed

178 2182 327 2242 mortuum,
346 2179 453 2249 qualem
472 2179 524 2233 sibi
539 2179 692 2235 Pallantem
721 2180 825 2234 remitti
843 2180 942 2235 meruit
958 2183 1067 2251 propter
1084 2181 1203 2250 hospitia
1220 2184 1249 2236 et
1265 2181 1358 2253 amici·

177 2249 248 2302 tiam
259 2249 371 2331 ,Aeneae
388 2250 416 2302 et
432 2246 570 2327 auxilium·
580 2249 605 2301 ei
620 2248 817 2328 praestitumstt
830 2279 863 2287 —
880 2247 989 2327 qualem
1017 2265 1066 2317 pro
1081 2250 1224 2369 gnomodo,
1245 2252 1279 2303 ut
1298 2256 1357 2302 οἱον

177 2331 228 2446 iii,
246 2315 790 2504 is.pigntippeeppiip
851 2317 1356 2503 {spississimis

178 2465 382 2586 bmdbiebefoi
398 2465 591 2571 maliliti-
608 2466 713 2570 libriios
725 2488 856 2572 'tarbelli
882 2490 934 2569 ⁹Gf.
951 2517 975 2569 V
992 2555 998 2578 ,
1017 2520 1074 2569 33³.
1093 2468 1355 2571 wippizpopliorcoa·

178 2534 233 2638 nie
250 2587 325 2638 totus
343 2600 436 2638 versus
453 2584 568 2638 iteratur
585 2583 614 2637 iii
631 2584 714 2638 Anth.
732 2584 794 2638 Lat
815 2583 836 2647 I,
858 2587 914 2648 172,
934 2587 990 2637 146.
1014 2586 1043 2638 et
1059 2585 1142 2639 verba
1158 2585 1296 2654 quidquid
1312 2604 1357 2638 so-

178 2652 271 2730 torpeo
286 2653 420 2706 damandi
436 2661 475 2705 eat
491 2652 573 2706 etiam
591 2651 656 2708 ibid.
673 2652 696 2717 1,
717 2654 774 2715 168,
787 2653 829 2704 22.
848 2682 880 2691 -
900 2648 964 2712 494.
982 2652 1072 2705 baud
1089 2654 1224 2706 stabant
1239 2671 1356 2723 pareo.

178 2718 268 2772 Thiel.
286 2720 391 2773 confert
410 2719 486 2774 Ouid
505 2720 571 2773 Met.
590 2719 615 2773 X
641 2723 698 2773 547.
717 2718 763 2783 Vl,
781 2721 842 2772 isi.
861 2718 923 2772 Her.
943 2719 1003 2782 VII,
1021 2723 1062 2773 47.
1081 2720 1212 2774 etBurm.
1232 2719 1267 2775 ad
1279 2720 1358 2789 Prop.

177 2786 217 2849 11,
238 2791 262 2849 7,
282 2789 306 2840 8.
326 2789 354 2841 et
370 2786 421 2849 III,
441 2790 466 2849 8,
484 2792 507 2841 5.
543 2760 646 2867 lJeerik.
676 2787 742 2867 haec
771 2786 854 2867 verba
869 2788 932 2856 post
962 2786 1150 2867 antecedentia
1167 2788 1236 2853 (Hoc
1265 2791 1357 2841 tamen

177 2853 301 2977 eiiii
318 2852 1001 3003 {israeliti’,iiliuiirtsiieii
1019 2855 1260 2992 ,desinitis
1277 2854 1358 2976 rlii

178 3006 264 3070 quere
282 2989 428 3044 debuisset.
483 3006 507 3043 io
526 2988 574 3043 hos
593 2994 643 3044 itia
661 2993 744 3044 etiarn
761 2991 847 3059 pluris
865 2992 1015 3052 stetissent,
1045 3006 1126 3059 quam
1144 2993 1230 3044 morte
1248 2989 1358 3043 Pallan·

178 3060 246 3112 tis.“
281 3057 369 3122 Quare
388 3057 455 3111 coni.
491 3057 540 3110 Ha
597 3058 643 3113 illi
658 3065 691 3111 st.
704 3057 914 3111 Aeactataati'.
952 3057 1052 3126 Hesp,
1071 3056 1127 3111 scil.
1140 3061 1173 3110 nt
1189 3056 1358 3111 filiusetiam

179 3126 283 3178 honore
301 3125 454 3195 sepulturae
472 3124 600 3204 privetur.
635 3124 687 3178 Sed
716 3140 769 3178 non
798 3124 936 3194 perspexit
953 3123 1002 3176 Vir
1019 3124 1104 3185 doct,
1134 3125 1203 3178 banc
1230 3140 1288 3178 esse
1305 3124 1358 3178 loci

175 3192 359 3247 seutentiam:
378 3191 513 3247 Solamine
530 3191 661 3245 humandi
677 3191 727 3245 filii
739 3192 845 3260 patrem
854 3207 907 3244 non
920 3190 1045 3261 privabo;
1063 3191 1117 3244 iam
1135 3192 1173 3245 sic
1185 3191 1257 3245 haud
1274 3207 1357 3261 parvo

178 3260 204 3314 ei
223 3260 339 3314 stabunt
355 3262 456 3314 Aeneia
474 3258 601 3328 hospItia,
618 3259 676 3312 sola
692 3259 739 3312 filii
757 3262 845 3313 morte
865 3258 932 3312 satis
949 3257 1009 3312 luet
1026 3260 1132 3313 Aeneae
1148 3259 1306 3313 amicitiam.
1324 3289 1358 3298 -

177 3329 310 3381 Aeneia
338 3327 505 3407 hospitio,
535 3327 634 3380 active:
661 3325 732 3406 quod
751 3327 870 3380 Aeneam
898 3325 1033 3405 hospitem
1050 3326 1161 3396 recepit.
1196 3327 1270 3381 Sicl
1299 3330 1358 3381 671.

177 3395 302 3448 Iasioas'o
318 3394 369 3448 lios
389 3404 449 3462 itia,
479 3393 526 3448 sed
544 3410 623 3449 sensu
641 3409 755 3473 passivo.
791 3393 917 3447 Ceterum
935 3393 989 3448 vid.
1008 3410 1091 3463 supra
1114 3411 1139 3448 v.
1162 3398 1218 3450 156.
1253 3367 1359 3446 [lensio

176 3463 293 3542 pidpptls·
313 3491 346 3501 ·-
364 3413 430 3522 iffi.
448 3462 489 3541 Et
506 3462 585 3516 laevo
602 3480 632 3532 p.
649 3479 678 3531 p.
713 3460 775 3541 Vid.
793 3460 829 3514 ad
846 3461 868 3527 I,
879 3464 919 3516 82.
953 3460 1054 3541 Pedem
1071 3464 1163 3542 autom
1181 3462 1266 3542 occiso
1286 3461 1359 3515 hosti

178 3547 216 3583 ¹¹¹¹
235 3544 322 3660 fiis
338 3530 431 3651 deii.
441 3527 977 3678 irremissibilibus,
994 3530 1279 3678 adieritis·
1315 3528 1358 3582 f

179 3671 248 3742 eici
267 3668 372 3729 βαίνων
394 3662 502 3732 reipsa
520 3681 550 3716 ιε
567 3663 705 3733 ἐξεναριξε
724 3666 775 3743 etc.
807 3693 839 3702 -
862 3662 928 3725 496.
947 3664 1141 3745 ῌωαιιιηιειη
1162 3681 1253 3719 omues
1272 3663 1357 3718 Codd.

181 3730 320 3798 exhibent,
338 3734 445 3798 praeter
462 3729 532 3784 Gud.
552 3731 581 3784 et
594 3729 695 3797 Palat,
714 3746 759 3800 qui
776 3730 878 3785 habeut
895 3748 1056 3786 econamum.
1090 3732 1153 3785 Vid.
1171 3731 1206 3786 ad
1224 3732 1271 3796 IV,
1290 3736 1313 3786 8.
1333 3733 1362 3785 et

177 3798 228 3865 IX,
245 3802 306 3851 444.
337 3829 368 3838 -
399 3797 506 3851 baltei
535 3796 728 3864 δισσυλλάβως
757 3798 996 3866 pronuntiandum.
1036 3797 1098 3852 Vid.
1127 3798 1163 3852 ad
1191 3799 1271 3861 VIII,
1300 3803 1359 3851 553.

178 3870 208 3920 et
231 3865 307 3920 alibi.
338 3894 371 3902 -—
402 3866 806 3985 impressumpaepesoe,
837 3865 894 3944 scil.
919 3865 1083 3944 Danaidum,
1113 3865 1185 3934 quod
1210 3866 1239 3918 in
1267 3863 1358 3944 balteo

179 3932 319 3988 caelatum
348 3934 507 4000 appareat.
542 3931 600 3996 Quo
637 3934 738 3985 attinet
754 3930 789 3985 ad
807 3935 1021 3986 coniunctionem
1049 3949 1111 3986 cum
1129 3931 1209 3985 verbo
1237 3948 1358 4001 rapieris,

179 4001 290 4055 Iiadew.
319 4000 435 4054 conferri
463 3999 539 4053 iubet
565 3998 640 4059 VIII,
660 4003 717 4053 731.
752 3998 888 4053 Attollens
915 3999 1027 4052 lamere
1055 4002 1216 4066 fossamque
1245 4005 1271 4050 et
1297 3998 1360 4064 sota

178 4076 318 4138 nepotum.
337 4098 368 4107 -
386 4066 440 4127 lei
459 4084 501 4188 ⁸3.
532 4065 696 4132 „Brevitatis
714 4068 742 4121 et
759 4065 900 4120 redemtis
929 4066 1019 4120 studio
1037 4068 1203 4119 structuram
1221 4065 1358 4129 orationis,

234 4137 445 4197 monosemi,
494 4135 575 4188 escrit
610 4137 684 4195 oeta,
714 4136 776 4187 eta
797 4134 892 4201 quarto
919 4133 954 4187 ad
980 4132 1099 4202 primum
1116 4132 1216 4187 Casum
1232 4133 1359 4187 transit.“

211 4220 271 4273 epo.
307 4201 369 4254 Vid.
386 4201 493 4255 adnott.
512 4200 547 4255 ad
563 4151 630 4264 vll,
650 4204 706 4254 isi.
740 4200 852 4269 Proprie
883 4201 955 4254 enim
981 4200 1070 4254 verbis
1092 4201 1251 4270 Inpressam
1280 4201 1360 4267 nefas

198 4287 228 4325 er
247 4269 445 4339 appositionem
463 4268 545 4322 adiun
566 4267 635 4321 enda
652 4269 729 4322 erant
750 4266 829 4321 haec:
862 4266 976 4321 Caesam
1002 4286 1112 4322 monum
1131 4270 1269 4331 iuvenum,
1299 4269 1316 4321 i.
1335 4284 1358 4323 e.

178 4288 340 4407 lidegypti
359 4336 475 4390 filiorum
504 4352 520 4391 a
563 4335 704 4389 anaidibus
723 4350 873 4400 caesorum,
903 4337 1091 4405 dammasque
1120 4346 1255 4391 mastos.
1288 4335 1360 4399 „Sed

180 4412 256 4460 reete
275 4404 398 4459 consulto
417 4420 451 4458 ue
469 4404 507 4458 sic
526 4402 634 4472 scripsit
659 4405 753 4472 poeta,
782 4401 800 4455 i.
826 4419 850 4457 e.
869 4402 1030 4472 impressum
1047 4408 1139 4459 autem
1169 4404 1314 4472 (caelatum
1331 4404 1360 4455 in

177 4473 284 4537 balteo)
302 4471 380 4525 nefas
396 4421 451 4525 ibit
469 4485 570 4525 caesa
589 4485 702 4549 manus
721 4470 790 4523 etc.“
811 4469 924 4548 ,Wopa
961 4470 1003 4526 cf.
1022 4471 1104 4526 etiam
1122 4470 1270 4527 Bemhardi
1289 4468 1361 4539 Spa-

177 4550 273 4610 toeap.
291 4542 325 4592 69
371 4582 377 4592 .
395 4538 487 4606 plures
513 4535 644 4592 eiusmodi
669 4536 740 4591 locos
758 4536 895 4605 colligens.
928 4537 1081 4607 Conington
1099 4540 1143 4593 hle
1156 4539 1261 4593 confert
1278 4554 1361 4606 supra

178 4608 243 4674 VII,
264 4610 361 4661 tlte
393 4609 451 4660 785.
470 4604 649 4727 atippeHom.
667 4604 699 4659 Il.
717 4603 751 4667 X,
771 4607 821 4656 436
840 4620 899 4674 sqq.
934 4605 1098 4685 lirycevero
1128 4607 1283 4661 verbaoao
1310 4607 1361 4657 sab

177 4683 260 4731 nocte
278 4703 291 4715 ·
308 4703 322 4715 ·
340 4674 448 4727 enicati‘
463 4689 509 4728 exe
539 4675 685 4726 mationem
705 4677 919 4740 παρενθετικώς
936 4675 1066 4728 maertam
1091 4677 1159 4741 („oa
1175 4674 1361 4741 achmetem

236 4741 354 4797 enthetic
373 4741 496 4807 Μεθ’)
512 4740 605 4802 habet,
618 4739 707 4793 minus
717 4737 903 4808 probabiliter.
922 4769 954 4780 -
973 4741 1062 4795 Verba
1079 4742 1195 4795 makim'
1257 4740 1364 4794 maeoti

174 4761 236 4865 im'
265 4807 794 4872 moramininth.uat.1,1oe,i.
834 4807 875 4860 De
892 4807 953 4876 ipsa
971 4824 1000 4863 re
1018 4808 1086 4863 satis
1103 4810 1169 4862 nota
1186 4824 1220 4861 c.
1236 4806 1361 4875 Apollod.
1449 4855 1450 4858 ,

179 4827 263 4947 ffilli
283 4882 308 4933 4.
337 4875 429 4945 ibique
446 4876 532 4945 Heyn.
549 4892 575 4944 p.
597 4879 651 4929 105.
686 4874 785 4944 Hygia.
804 4871 823 4927 f.
846 4877 902 4929 168.
931 4878 960 4929 et
986 4879 1042 4929 ¹70.
1071 4874 1158 4928 Schol.
1177 4873 1360 4929 adHom.11.

180 4947 263 5014 Lat.
282 4944 320 5000 ad
337 4943 401 4998 Eur.
422 4943 487 4998 Hec.
506 4947 563 4996 837.
582 4945 610 4997 et
627 4942 714 4998 Orest.
735 4946 794 4995 859.
829 4941 906 4997 Ovid.
922 4942 986 4998 Her.
1003 4941 1076 4997 XIV.
1091 4940 1139 4997 alii
1167 4945 1196 4997 et
1213 4941 1362 4997 Hermauni
