3359 5725
595 573 826 642 AENEIDOS
847 571 932 641 LIB.
950 573 1011 641 IX.
1311 577 1369 641 241

280 735 380 799 Nisus
403 747 474 800 erat
493 747 607 823 portae
630 750 748 820 custos,
769 742 947 805 acerrimus
970 742 1081 822 armis,

195 817 409 905 Hyrtacides,
432 822 583 885 comitem
604 822 735 888 Aeneae
757 845 851 910 quem
875 826 1009 888 miserat
1029 823 1090 888 lda

194 902 369 983 Venatrix,
391 902 496 967 iaculo
520 903 657 969 celerem
679 906 872 994 levibusque
894 908 1032 993 sagittis,

194 984 240 1048 Et
261 987 355 1048 iuxta
377 1008 483 1050 comes
507 987 680 1074 Euryalus,
705 1012 767 1076 quo
790 989 956 1075 pulchrior
976 989 1059 1053 alter

194 1068 270 1132 Non
292 1068 353 1132 fnit
374 1069 562 1134 Aeneadum
588 1072 735 1137 Troiana
755 1095 861 1170 neque
881 1072 987 1136 induit
1008 1094 1111 1155 arma,
1325 1083 1372 1132 180

194 1151 268 1215 Ora
292 1174 374 1236 puer
395 1154 503 1238 prima
526 1155 660 1239 signans
685 1157 817 1220 intonsa
834 1166 976 1219 1uventa.

193 1484 243 1588 pro
264 1466 384 1537 wlgari:
401 1467 482 1532 sices,
503 1481 570 1538 quae
588 1468 704 1523 tuendae
722 1472 797 1523 sunt.
831 1471 909 1524 Vicae
929 1472 1021 1525 autem
1052 1474 1116 1524 sunt
1144 1485 1257 1525 munera
1287 1468 1371 1523 certis

215 1535 350 1589 ominibus
368 1535 498 1594 iniuncta,
516 1538 589 1589 vices
607 1538 697 1605 igitur,
720 1541 798 1606 quod
825 1553 887 1605 pro:
919 1540 976 1593 sius
994 1539 1142 1604 (muneris),
1173 1537 1243 1607 quod
1274 1538 1371 1605 cuique

192 1602 328 1657 tuendum
345 1606 395 1656 est.
430 1603 472 1656 Cf.
490 1602 545 1656 Ecl.
563 1604 600 1668 ll,
620 1609 659 1659 71.
679 1605 791 1673 alequid
807 1607 930 1672 (eorum),
948 1622 1064 1675 quoram
1080 1606 1185 1672 indiaet
1201 1621 1266 1657 aeas
1278 1604 1370 1673 ibique

193 1670 302 1725 adnott.
332 1669 436 1725 Peerlk.
454 1671 536 1749 verba
553 1672 742 1741 quaeautque
763 1676 891 1726 tuendam
908 1680 948 1726 eat
965 1676 1045 1793 qquae
1064 1674 1154 1726 tamen
1181 1672 1215 1726 ab
1231 1671 1372 1724 Ambrosio

193 1739 323 1791 Hexaem.
342 1738 375 1805 V,
398 1742 435 1791 15.
453 1736 496 1791 hic
514 1739 586 1792 lecta
605 1754 664 1793 esse
684 1740 741 1808 ipse
765 1743 907 1806 memorat)
939 1744 967 1793 to
991 1740 1060 1794 enda
1088 1742 1179 1793 censet
1208 1741 1236 1791 et
1266 1741 1373 1791 antece-

195 1806 292 1859 dentia
310 1805 439 1858 Exsultat
455 1808 505 1859 ete.
524 1806 562 1859 sie
586 1806 716 1875 explicat:
748 1823 808 1861 cum
831 1808 884 1862 sibi
914 1807 1027 1878 quisque
1055 1807 1153 1872 locum,
1183 1806 1228 1875 qui
1256 1804 1373 1859 tuendus

194 1878 249 1936 est,
268 1876 370 1926 tuetur.
400 1872 536 1926 Ambrosii
553 1874 635 1927 verba
652 1875 671 1928 Ι.
689 1874 707 1927 l.
726 1878 749 1938 ξ.
768 1879 809 1927 52.
826 1875 893 1929 haee
911 1877 988 1929 sunt:
1008 1875 1096 1936 ριιαιιι
1114 1891 1196 1942 capre
1213 1891 1283 1926 anua
1299 1873 1374 1942 quis·

195 1958 249 2010 que
266 1941 297 1993 in
315 1940 414 1994 caenis
428 1940 583 2009 petatium
600 1941 713 1995 sortitus
742 1944 857 1996 accubat
874 1972 886 1983 -
902 1972 915 1984 ·
933 1971 944 1983 -
962 1944 1142 1995 admoneretur
1179 1949 1210 1993 ut
1234 1946 1375 1994 coerceant

195 2010 340 2087 αισιοάὲιιι
356 2008 435 2061 vices.
456 2038 487 2046 -
506 2006 567 2067 176.
586 2008 712 2087 Sequitur
730 2009 929 2063 celeberrimum
961 2008 994 2063 de
1012 2010 1077 2064 Niso
1095 2013 1122 2063 et
1140 1982 1255 2078 lluryalo
1284 2008 1373 2077 episo-

196 2075 542 2144 diurn,1nqu0tingeud0
562 2075 705 2145 Vergilius,
731 2077 777 2145 qui
795 2076 838 2129 hic
865 2094 958 2131 verum
986 2080 1014 2130 et
1042 2077 1179 2146 egregium
1210 2077 1318 2145 poetam
1343 2090 1373 2127 se

196 2142 327 2203 ostendit,
346 2144 410 2195 ante
429 2144 518 2196 oculos
536 2142 662 2197 habuisse
674 2144 780 2198 videtur
792 2145 931 2198 Diomedis
947 2146 975 2197 et
988 2145 1092 2212 Ulyssis
1110 2160 1247 2224 egressum
1265 2145 1373 2195 noctur-

196 2226 263 2263 num
282 2203 361 2265 Iliad.
381 2210 416 2272 X,
435 2213 484 2263 tto
501 2226 513 2262 s
533 2226 558 2279 q.
579 2211 655 2264 Iahn.
678 2212 792 2265 conferri
819 2212 896 2273 iubet
913 2211 1138 2267 Schaarschmidii
1167 2210 1303 2264 libellum:
1334 2210 1374 2263 Da

197 2278 265 2331 Niso
283 2277 397 2347 Vergilii
414 2228 571 2331 Diomedem
587 2278 696 2332 Homeri
714 2278 842 2332 laudibus
864 2286 1016 2347 superante,
1036 2279 1092 2333 sire
1118 2294 1199 2347 super
1228 2278 1287 2330 loco
1305 2277 1372 2331 Aen.

198 2345 248 2412 ΙΙΙ,
270 2348 412 2398 tto-445.
441 2348 596 2413 comparato
627 2362 687 2399 cnm
717 2346 795 2400 Iliad.
819 2346 838 2399 l.
857 2347 889 2401 ΙΙ.
922 2346 1050 2401 Schneeb.
1072 2350 1145 2400 1133.
1172 2350 1196 2400 Β.
1231 2344 1271 2397 Cf.
1290 2344 1373 2397 etiam

198 2428 280 2481 supra
301 2411 336 2465 ad
356 2412 389 2477 V,
408 2415 467 2465 394.
486 2413 601 2479 adnott.,
632 2414 678 2466 ubi
696 2412 778 2466 Nisus
800 2415 828 2467 et
847 2413 981 2483 Euryalus
1003 2414 1032 2466 in
1062 2411 1207 2466 certamine
1235 2426 1373 2464 cursorum

197 2480 329 2533 eminent.
348 2480 449 2546 (Quare
467 2496 546 2543 „cunr
565 2480 607 2534 hic
625 2481 665 2534 ita
682 2480 879 2543 describantur,
900 2482 976 2550 qnasi
995 2496 1141 2549 numquam
1160 2484 1242 2532 antea
1272 2479 1373 2531 mentio

198 2562 290 2600 eorum
310 2548 384 2600 facta
401 2550 501 2608 esset“‚
520 2547 646 2602 Ribbeck.
665 2547 772 2616 Proleg.
790 2566 816 2617 p.
836 2552 878 2602 79.
896 2548 984 2602 locum
1003 2547 1081 2601 illum
1099 2546 1131 2610 V,
1151 2547 1291 2599 236-361.
1312 2546 1374 2612 post

198 2614 251 2667 hoc
281 2614 346 2667 libri
363 2615 412 2668 IX.
435 2612 584 2668 eisodium
613 2618 777 2682 (rra-503.)
807 2617 900 2669 ortum
927 2631 986 2669 esse
1014 2615 1187 2683 suspicatur.)
1207 2643 1240 2651 -
1257 2611 1372 2679 „Nisum

198 2681 325 2749 Hyr-tuci
340 2681 426 2736 filium
444 2631 509 2735 illuit
526 2682 586 2735 ideo
606 2685 723 2744 tantum,
742 2684 817 2750 puto,
834 2681 905 2753 quod
922 2698 952 2735 ex
966 2683 1080 2736 Homero
1092 2686 1186 2734 notum
1199 2682 1373 2758 eratnqmen‚

198 2765 227 2800 v.
242 2764 266 2826 ρ.
285 2747 364 2801 Iliad.
382 2750 418 2808 ΙΙ,
438 2753 486 2803 sat
506 2766 545 2819 sq.
566 2749 648 2803 Idam
665 2753 779 2805 matrem
798 2767 857 2805 esse
876 2749 1030 2820 Nympbam
1049 2748 1200 2803 habendam
1229 2750 1258 2801 et
1270 2748 1373 2825 Dianae

200 2815 313 2885 quidem
331 2816 463 2884 comitem,
487 2820 519 2870 ut
536 2833 570 2886 ap
590 2820 649 2873 aret
677 2834 707 2872 ex
737 2817 830 2873 addito
859 2819 979 2873 amaran
1018 2818 1078 2888 quis
1107 2817 1214 2871 dubitet
1264 2813 1374 2883 Euryah

198 2887 308 2952 patrem
337 2883 406 2938 inira
424 2902 447 2938 v.
468 2889 524 2938 201.
553 2834 609 2939 alit
628 2886 760 2955 Ophelten
804 2902 901 2940 nomeu
923 2886 1090 2942 eTebauis
1120 2884 1220 2939 fabulis
1251 2884 1373 2959 notumf‘

202 2952 293 3021 Heyn.
328 2951 430 3007 Peerlk.
449 2953 553 3020 levibus
572 2952 604 3006 de
622 2954 710 3007 causis
729 2927 817 3020 (Idam
835 2953 988 3032 Nympham
1012 2968 1145 3021 nusquam
1163 2964 1373 3027 commemorari,

199 3035 284 3088 neque
303 3035 441 3098 apparere,
458 3036 507 3074 cur
524 3036 557 3074 ea
573 3021 659 3074 filium
677 3021 792 3088 miserit,
821 3037 869 3090 qur
886 3022 939 3074 iam
967 3022 1039 3073 esset
1067 3035 1100 3073 ca
1130 3021 1229 3079 aetate,
1257 3018 1289 3068 ut
1317 3030 1374 3083 ipse

199 3088 333 3154 proficisci
361 3091 461 3156 posset,
492 3103 572 3167 porro
602 3104 655 3141 non
679 3105 752 3168 ¹opus
784 3104 851 3154 esse,
880 3093 913 3140 ut
929 3087 1013 3141 Nisus
1027 3085 1142 3165 ,diserte
1160 3101 1249 3138 comes
1264 3083 1375 3135 Aeaeae

199 3156 419 3292 citiusne
436 3152 1109 3291 ,sut'sciscitatumque
1126 3152 1219 3297 tati·
1238 3148 1374 3281 3133

200 3289 246 3343 sed
264 3290 348 3343 etiam
365 3290 474 3343 Servius
492 3292 629 3353 testatur),
651 3289 707 3343 solo
725 3306 779 3343 voe.
798 3289 967 3358 Hyrtacides
991 3291 1110 3356 excepto,
1140 3301 1246 3339 aunon
1275 3285 1373 3337 censet.

199 3357 305 3411 Ladew.
327 3358 411 3411 verba
427 3374 521 3425 quem
536 3360 675 3411 miserat
691 3357 757 3411 lde
773 3357 813 3410 ita
831 3356 957 3424 explicat,
975 3359 1006 3410 ut
1022 3359 1123 3433 sumat,
1167 3354 1237 3407 isnm
1250 3352 1284 3406 ab
1296 3350 1375 3404 initio

200 3426 316 3478 tortasse
334 3424 497 3494 expeditioni
515 3441 543 3478 se
560 3425 706 3494 adiungere
735 3424 862 3487 noluisse,
892 3439 926 3477 ne
956 3428 1070 3477 matrem
1098 3421 1225 3476 dilectam
1254 3419 1376 3474 deserere

200 3496 348 3561 cogeretur.
384 3491 512 3546 Ceterum
534 3491 567 3545 ci,
590 3493 626 3557 ΙΙ,
646 3497 687 3546 36.
706 3492 757 3545 Illi
783 3509 824 3545 me
854 3492 976 3544 comitm
993 3522 1004 3533 ·
1021 3520 1033 3531 -
1050 3490 1134 3542 rabit.
1169 3488 1257 3542 Aliter
1284 3491 1375 3540 tamen

199 3559 233 3613 de
250 3559 277 3614 h.
296 3559 315 3612 Ι.
335 3559 435 3614 statuit
451 3560 611 3628 Conington,
631 3560 673 3613 cui
690 3560 745 3613 Ida
762 3576 815 3613 non
833 3561 912 3613 estn
978 3558 1022 3625 ha,
1045 3557 1092 3611 sed
1111 3572 1196 3623 mous,
1219 3555 1265 3625 qui
1283 3554 1377 3608 codem

200 3629 256 3681 iure
278 3628 404 3680 amaria
428 3626 481 3680 dici
517 3628 593 3693 ossit,
613 3644 665 3696 quo
682 3627 746 3681 (leo.
767 3627 817 3693 ΠΙ,
834 3631 875 3680 44.
928 3576 1057 3695 pidaurus
1085 3625 1217 3679 domante
1245 3640 1377 3702 equomm

200 3700 228 3748 et
244 3695 280 3749 ab
299 3694 415 3750 Homero
432 3694 466 3747 ll.
483 3643 546 3747 lllV
576 3697 633 3749 28³.
664 3695 817 3815 appelletur
838 3695 929 3763 μητὴρ
956 3699 1067 3762 tanaim
1101 3692 1171 3771 quod
1201 3689 1376 3768 mihrpaulo

704 3780 721 3816 0
733 3761 887 3822 celerem,
905 3760 1077 3815 vehementer
1088 3760 1267 3814 concitantem
1278 3758 1377 3810 racula.

200 3779 231 3815 ar
268 3762 325 3815 tius
337 3762 451 3815 ridetur.
471 3791 504 3800 -·
523 3734 585 3821 ll8.
600 3763 681 3814 ineu

233 3845 297 3898 agn.
316 3845 375 3883 eom
394 3831 457 3882 arat
469 3828 545 3883 Hom.
565 3828 747 3894 11.X11‚3uss.
767 3829 854 3896 ἔβλητ’
874 3829 906 3882 ἓν
918 3828 1059 3908 πρώτοισι
1076 3832 1154 3893 θοῆς
1173 3825 1230 3877 aaa
1249 3828 1377 3892 χειρὸς

200 3894 306 3950 dacaru.
323 3928 357 3936 -
383 3897 499 3950 avibus
531 3912 571 3948 aa
587 3895 744 3964 capitiis,
764 3896 841 3949 utin
859 3895 997 3949 simillimo
1012 3895 1069 3949 loco
1089 3895 1121 3960 V,
1139 3897 1180 3947 68.
1200 3922 1234 3931 -
1252 3891 1313 3949 179.
1333 3890 1377 3942 El

200 3965 305 4019 iacta.
324 3963 453 4042 Ribbeck
471 3914 530 4017 coll.
551 3963 597 4030 Vl,
617 3968 672 4018 159.
694 3966 722 4018 et
738 3967 796 4018 448.
816 3964 918 4041 recepit
935 3962 1016 4017 unius
1033 3961 1098 4040 (lod,
1118 3961 1213 4014 Moret.
1232 3958 1253 4011 1.
1283 3956 1378 4011 lectio·

200 4047 261 4085 nem
280 4031 307 4083 It
325 4041 411 4097 aucta,
430 4029 501 4100 quod
521 4030 626 4099 placere
644 4047 697 4084 non
714 4033 815 4101 potest.
833 4035 925 4099 potrus
942 4031 990 4095 xl,
1008 4033 1065 4084 479.
1084 4035 1216 4095 auctaque
1233 4041 1330 4078 comes.
1343 4052 1377 4061 -

201 4098 262 4159 18⁰.
294 4099 428 4164 „induit
456 4116 550 4152 arma
577 4101 619 4152 est
635 4099 743 4154 Homer.
764 4099 886 4152 ἐδύσατο
905 4097 1012 4165 τεύχεα.
1047 4096 1097 4149 Est
1127 4094 1163 4158 id,
1194 4091 1265 4162 quod
1294 4090 1376 4158 vulgo

200 4167 313 4247 dixerit·
341 4165 465 4246 nonfuit
483 4165 552 4219 alius
571 4165 726 4246 pulchrior,
744 4180 830 4235 neque
848 4162 1084 4262 ipterAeneadas,
1119 4161 1225 4240 Aeneae
1255 4159 1376 4220 comites,

200 4228 1377 4377 133311333311133133..3333313333333

199 4369 319 4423 omnium
332 4370 359 4422 in
369 4369 470 4430 armis3
483 4368 583 4422 nemini
616 4367 769 4422 roianorum
787 4383 863 4422 arma
875 4367 970 4421 melius
983 4365 1185 4426 conveniebant,
1195 4363 1378 4431 congruebant

200 4439 333 4503 (ammon,
353 4436 487 4489 kleideten
506 4437 612 4502 baeer),
632 4451 712 4503 quarn
731 4435 762 4490 ei.
795 4433 839 4489 Sic
861 4435 943 4489 etiam
964 4434 1057 4502 Bryce,
1081 4432 1187 4486 Laden.
1213 4435 1241 4484 et
1258 4429 1377 4483 Benoist.

200 4504 287 4558 locum
307 4520 412 4557 mecum
425 4502 595 4572 intelligunt3
614 4503 765 4570 Conington
778 4516 848 4580 vero,
866 4501 1070 4569 explicationem
1082 4516 1169 4554 meam
1182 4497 1303 4554 reiiciens
1317 4511 1376 4549 eum

201 4571 240 4624 lle
277 4573 303 4625 io
321 4572 396 4626 lacit.
425 4571 532 4625 Servius
551 4569 620 4624 male
633 4570 765 4639 explieat:
784 4607 801 4633 „
822 4584 850 4622 m
867 4568 985 4621 nondum
1007 4568 1134 4622 bellicosa
1150 4582 1226 4621 arma
1242 4564 1376 4617 induerat.

200 4588 317 4693 Pulcnher
334 4639 444 4708 quidem
464 4640 531 4704 erat,
559 4638 606 4691 sed
635 4636 756 4716 nondum
775 4637 807 4716 be
847 4636 1046 4715 ndi'peritusf‘
1068 4635 1257 4716 ‘aeneadae
1286 4632 1377 4684 autem

200 4722 251 4760 non
281 4710 391 4761 tautum
422 4709 487 4758 sunt
505 4705 609 4758 Aeneae
632 4706 744 4759 comites
762 4703 823 4758 alus
841 4703 964 4757 Troiams
982 4705 1107 4772 oppositi.
1144 4702 1205 4754 Vrd.
1223 4699 1257 4753 ad
1276 4697 1298 4757 1.
1319 4698 1376 4750 157.

200 4776 227 4826 et
246 4775 280 4829 de
308 4775 450 4829 contracta
468 4772 587 4827 Genitivi
609 4775 697 4826 forma
714 4771 748 4825 ad
766 4771 789 4835 Ι,
809 4775 866 4825 565.
887 4801 916 4810 -
936 4771 969 4826 V.
988 4771 1060 4838 181,
1097 4785 1158 4823 uem
1176 4784 1205 4822 re
1224 4766 1303 4820 ctunt
1320 4765 1377 4816 Au·

200 4843 289 4896 senius
307 4843 335 4896 iu
353 4842 434 4895 Ceut.
453 4842 529 4908 nupt
548 4844 588 4894 41.
608 4842 636 4894 et
653 4842 747 4893 auctor
764 4838 960 4917 Hippodamiae
978 4838 1005 4893 in
1023 4787 1107 4892 autb.
1127 4836 1187 4889 Lat.
1205 4783 1228 4894 l,
1251 4836 1308 4893 170,
1326 4835 1378 4894 41.,

200 4925 229 4962 ex
247 4911 326 4965 Hom.
347 4909 398 4965 Od.
418 4908 452 4971 X,
473 4911 521 4961 278
539 4924 580 4976 sq.
604 4906 847 4961 translatumesse
885 4922 939 4959 1am
959 4906 1077 4960 Macrob.
1095 4904 1127 4970 V,
1149 4906 1190 4962 13,
1209 4903 1250 4956 24,
1271 4916 1297 4969 p.
1316 4903 1377 4952 431.

200 4974 255 5031 lan.
274 4982 312 5048 (p.
324 4980 381 5031 107.
395 4976 469 5046 Bip.)
481 4974 557 5028 vidit.
571 4975 654 5043 Hcyn.
668 4975 751 5028 ctiam
768 4973 801 5027 ΙΙ,
819 4946 917 5038 xlssu
934 4979 983 5030 347
996 4991 1035 5042 sq.
1054 4969 1169 5026 conferri
1186 4968 1271 5033 iubet,
1289 4966 1382 5025 Gossr.

251 5070 463 5115 crasmarus
483 5068 528 5107 111.
557 5069 602 5107 nn.
624 5068 665 5106 ιι.
1137 5050 1166 5103 16
