3359 5725
462 573 694 641 AENEIDOS
717 575 800 641 LIB.
821 576 895 641 VH.
1220 583 1254 642 11

194 740 225 803 ci
247 741 415 826 genitoris,
438 740 508 807 adit
528 742 682 828 lucosque
703 742 763 808 sub
786 742 853 808 alta

193 822 231 888 lit
250 823 411 907 Albunea,
433 847 601 892 nemorum
624 849 708 976 quae
729 848 886 891 maxuma
908 847 1003 924 sacro

215 918 312 973 sonat
334 930 530 995 saevamque
551 909 637 975 exha
650 919 684 975 at
701 932 805 997 opaca
825 909 1001 996 mepbrtnn.

194 1079 290 1087 —o—

194 1209 332 1263 invenerat
349 1209 420 1277 apud
433 1210 529 1264 Claud.
548 1211 575 1264 in
587 1211 696 1283 Eutrop.
707 1211 744 1279 II,
756 1217 812 1266 339.
830 1212 969 1267 sollicitam
986 1215 1097 1265 carae.“
1112 1241 1140 1247 κ
1152 1208 1256 1276 „Fauni

194 1294 220 1330 m
250 1278 279 1330 in
305 1277 364 1331 luco
381 1277 520 1332 Albuneae
547 1283 628 1349 poeta
645 1282 746 1345 narrat,
776 1280 831 1335 sive
852 1297 882 1335 ex
901 1283 990 1334 vetere
1007 1278 1135 1333 momoria
1153 1277 1208 1331 sire
1225 1294 1257 1331 ex

194 1350 253 1398 tura
270 1348 299 1398 et
317 1344 391 1400 fama
407 1345 441 1400 de
461 1345 564 1416 Sibylla
580 1348 704 1403 Albunea
721 1365 777 1403 rem
795 1348 932 1417 ingeniose
950 1350 1124 1402 commentus.
1150 1345 1258 1400 Scilicet

194 1438 197 1457 ·
216 1412 359 1466 Tiburtino
376 1414 411 1467 ab
431 1429 527 1469 occasu
545 1415 573 1468 in
591 1416 720 1471 Anienem
738 1415 896 1470 deferuntur
914 1415 1029 1470 Albulae
1047 1430 1141 1484 aquae,
1171 1412 1256 1466 sulfu-

194 1479 236 1535 lse
264 1482 292 1535 et
309 1480 458 1537 medicatae
477 1482 539 1549 (vid.
559 1482 666 1539 Cluvar.
683 1483 747 1537 Ital.
766 1502 793 1554 p.
812 1486 891 1550 715),
916 1500 986 1538 nunc
1003 1484 1045 1537 Ae
1083 1502 1100 1537 a
1118 1481 1198 1546 zelfa
1215 1479 1257 1534 vel

194 1555 235 1602 sta
265 1547 299 1602 di
317 1547 418 1604 Ta'ooli.
454 1549 493 1602 Ex
510 1549 627 1605 Albulae
653 1551 771 1605 flaminis
791 1551 912 1605 lontibus
930 1550 1015 1604 maior
1060 1551 1166 1614 lbeaea,
1196 1548 1256 1603 fons

194 1615 258 1684 pha,
276 1631 306 1670 ex
323 1616 436 1672 Horatio
454 1618 520 1672 note
537 1617 588 1672 Od.
606 1619 628 1684 I,
647 1624 671 1685 7,
693 1621 731 1674 12.
751 1648 784 1659 --
802 1619 964 1672 Subiacebat
981 1620 1072 1672 sutem
1091 1616 1160 1670 fonti
1179 1617 1257 1669 laem

194 1699 220 1738 ae
238 1686 342 1739 saeer.“
377 1685 466 1755 Heya.
502 1684 544 1738 Cf.
563 1686 653 1741 Strab.
671 1686 703 1740 V.
722 1704 747 1755 p.
767 1689 825 1740 364.
845 1685 925 1741 Paus.
945 1686 991 1752 lv,
1010 1689 1050 1741 35,
1070 1684 1138 1738 Plin.
1157 1683 1256 1749 XXXI,

194 1750 287 1805 litruv.
307 1751 383 1817 VIIJ,
405 1757 429 1810 3.
460 1753 567 1820 Wagn,
597 1754 642 1823 qui
673 1754 754 1808 etism
785 1753 900 1808 conferri
929 1753 1005 1807 iubet
1022 1753 1094 1806 viros
1111 1751 1204 1805 dootm
1222 1750 1255 1804 ab

205 1819 240 1872 ad
258 1819 327 1872 Stat.
346 1818 411 1874 silv.
429 1819 452 1887 Ι,
472 1824 497 1887 3,
515 1824 556 1877 65.
573 1820 708 1882 lundatoa
739 1825 880 1885 memorat,
908 1836 999 1875 verum
1018 1819 1098 1874 huius
1117 1818 1257 1872 Albuneae

194 1885 238 1940 diu
254 1886 409 1955 ignoratum
429 1888 607 1967 investigasse
624 1889 842 1944 Bonstettenium
868 1889 977 1958 Voyape
993 1905 1041 1941 aar
1057 1889 1088 1942 la
1107 1886 1194 1940 acam
1209 1887 1257 1939 des

194 1953 266 2007 aiere
282 1954 366 2007 lieres
383 1957 418 2008 cle
435 1954 566 2009 l‘Eatuie
581 1975 608 2026 p.
627 1961 675 2010 205
694 1974 762 2037 sqq,
793 1957 848 2026 qni,
875 1955 1058 2011 consentiente
1075 1954 1134 2024 ipso
1153 1953 1256 2022 Heynio

197 2037 248 2076 ura
275 2020 357 2075 huius
384 2023 448 2076 libri
466 2023 577 2092 Ephem.
607 2025 647 2080 lit.
669 2024 792 2092 Gotting.
812 2027 885 2079 1804.
909 2022 952 2078 ch.
974 2026 1030 2078 loc.
1062 2023 1174 2083 inserta,
1205 2020 1253 2074 do·

196 2105 254 2144 esse
281 2105 343 2143 eum
372 2090 484 2157 iontem,
515 2091 561 2161 qui
589 2091 663 2147 haud
684 2091 778 2161 procul
794 2108 811 2146 a
828 2092 892 2147 iano
908 2093 1002 2146 Annae
1019 2090 1157 2145 Perennae
1174 2105 1256 2157 proe

194 2157 346 2212 rdestinam
365 2159 524 2227 conspicuus
541 2175 612 2215 nunc
629 2162 740 2215 vocetur
755 2161 856 2229 Aeqem
871 2160 1014 2224 miserate
1032 2157 1173 2212 d'Altieri.
1210 2106 1256 2211 Sir·

194 2246 198 2278 ι
216 2224 355 2294 Nibbyum
373 2242 435 2281 vero
455 2227 571 2295 Viappe'o
590 2228 611 2282 1.
631 2245 657 2297 p.
680 2232 735 2283 109.
767 2243 853 2297 aquae
870 2227 933 2282 illae
951 2227 1085 2281 sulfureae
1101 2242 1164 2280 curu
1182 2224 1255 2278 insu-

194 2293 303 2357 sntibus,
336 2293 407 2349 circs
424 2311 492 2364 quas
511 2295 593 2349 etiam
611 2295 728 2349 nemoris
751 2296 867 2364 vestigia
883 2295 972 2349 adhuc
988 2296 1144 2363 supersunt,
1173 2293 1255 2348 etiam

194 2363 314 2415 'ocantur
332 2363 427 2431 Aeque
443 2363 553 2423 Albale,
584 2366 612 2416 et
641 2367 738 2417 domm
754 2364 896 2417 Albuneae
919 2362 1074 2416 resonantis
1091 2363 1123 2416 ab
1142 2361 1255 2415 Horatio

195 2432 219 2494 7,
241 2432 278 2483 12.
310 2432 519 2485 commemorata
537 2429 639 2484 Grotta
668 2432 704 2486 di
717 2431 846 2485 Nettmao.
883 2430 944 2484 Vid.
969 2430 1052 2484 etiam
1071 2429 1253 2483 Walelrenaer.

194 2501 207 2548 '.
219 2527 253 2536 -
265 2495 305 2557 83
330 2497 415 2566 Heyn.
429 2498 526 2566 inipso
537 2498 601 2552 edit.
618 2500 795 2554 maximam
812 2499 1021 2567 interpretatur:
1042 2513 1128 2566 „quae
1146 2512 1253 2576 magna,

195 2579 311 2633 quarum
328 2580 396 2619 vene
412 2565 492 2619 tinit“
510 2566 571 2620 coll.
591 2567 637 2631 vl,
652 2570 721 2632 659,
741 2583 911 2620 aemorum
928 2569 1021 2620 autom
1102 2580 1134 2618 oa
1151 2567 1255 2618 rotrone

207 2633 297 2700 putat,
328 2634 361 2685 ut
383 2632 431 2685 διὰ
451 2637 500 2689 τοῦ
519 2630 620 2695 ἄλσους
638 2650 687 2702 pro
705 2635 735 2689 ie
753 2631 842 2695 araas,
861 2649 1019 2702 comparans
1059 2633 1094 2687 ib.
1113 2631 1163 2698 III,
1184 2637 1209 2692 5,
1229 2635 1254 2684 3.

194 2717 220 2752 m
247 2699 367 2753 maasias
395 2701 475 2755 sebois
494 2701 538 2768 (ad
566 2717 645 2770 quem
674 2703 692 2756 l.
710 2702 765 2756 rid.
793 2702 875 2756 etiam
895 2700 1043 2766 Huschk.);
1071 2702 1166 2768 postea
1181 2715 1253 2766 vero,

194 2783 213 2820 o
231 2768 311 2833 teste,
339 2767 367 2820 in
386 2767 408 2821 ll
427 2767 498 2823 hem.
516 2768 556 2823 lit.
576 2769 652 2825 Gott.
670 2771 688 2825 l.
708 2770 727 2824 l.
746 2787 772 2839 p.
793 2773 866 2824 1672,
885 2768 954 2823 hanc
972 2769 1137 2823 structuram
1155 2766 1254 2822 facilli-

194 2834 367 2891 accensuit:
421 2836 510 2892 bunea
526 2841 628 2908 (aqua),
648 2854 716 2909 qaae
734 2841 813 2893 sonat
832 2837 907 2892 fonto
924 2852 1008 2901 sacro,
1027 2835 1144 2891 maxima
1162 2838 1255 2906 (aqua-

194 2920 315 2964 rmorum.
343 2903 361 2957 i.
380 2921 404 2958 e.
423 2905 553 2967 nemerim
578 2922 647 2974 quae
666 2907 733 2961 mihi
750 2906 891 2961 vemssima
907 2905 1022 2959 videtur.
1057 2904 1098 2959 cf.
1117 2903 1200 2959 etiam
1217 2904 1254 2957 si·

195 2988 209 3024 s
226 2970 303 3025 loeus
320 2971 384 3026 Geo.
403 2972 440 3039 11,
461 2977 500 3026 15.
535 2972 623 3029 Rubi.
642 2978 744 3037 sutem,
767 2974 877 3028 sublata
893 2972 1066 3027 distinctione
1083 2974 1147 3026 ante
1163 2990 1254 3025 amao-

194 3041 238 3093 ost
253 3038 324 3093 banc
340 3055 432 3094 vocem
449 3040 568 3095 incidens
585 3043 681 3096 coniun
703 3043 724 3095 't
742 3043 819 3096 laicos
842 3058 990 3104 aemorum,
1020 3040 1077 3094 coll.
1096 3040 1156 3093 Seu.
1175 3040 1253 3093 Herc.

194 3110 217 3159 6.
252 3106 287 3161 W
341 3150 347 3162 .
371 3107 432 3161 deni
452 3124 485 3162 ue
509 3124 615 3164 omnem
638 3110 679 3163 dif
697 3110 829 3164 cultatem
848 3124 1004 3163 evanescere
1022 3109 1121 3173 censet,
1152 3105 1175 3159 si
1193 3122 1254 3159 eum

194 3177 218 3229 ct
234 3174 306 3229 Reus
336 3175 422 3229 ttenio
433 3124 459 3229 i.
481 3175 501 3232 Ι.
519 3175 671 3231 Albaaeam
689 3193 742 3231 non
760 3177 793 3230 de
810 3176 895 3240 fonte,
925 3176 972 3230 sed
995 3173 1028 3229 de
1050 3173 1119 3227 silva
1140 3173 1254 3241 accipia-

194 3257 263 3311 [nam
291 3259 322 3296 er
340 3242 495 3298 licationem
522 3247 551 3298 et
568 3260 617 3313 ego
636 3244 822 3312 amplecterer,
840 3242 919 3297 modo
937 3242 1154 3297 demonstratum
1171 3243 1253 3306 esset,

194 3308 279 3429 ²quid
298 3260 340 3364 sii
353 3311 431 3364 iaaac
447 3313 495 3364 surb
514 3311 575 3365 calta
592 3310 672 3375 silea
691 3315 751 3365 tum
770 3328 818 3365 cur
835 3310 912 3377 silva,
941 3326 993 3364 non
1011 3309 1080 3374 lons,
1111 3307 1253 3388 mephitim

241 3378 335 3446 icatur,
363 3377 476 3448 denique
493 3380 647 3433 Albaaeam
673 3379 832 3448 simpliciter
850 3380 1086 3433 commemoratam
1104 3376 1169 3433 sliu
1188 3393 1253 3498 quq·

194 3461 237 3499 um
255 3444 318 3498 huie
335 3445 400 3500 deae
415 3462 520 3500 sacrum
538 3446 696 3516 significare.
727 3447 924 3501 Adsentiuntur
941 3446 1008 3500 mihi
1025 3445 1177 3506 Hoffmann.

200 3515 229 3567 et
244 3513 364 3568 Benoist.
394 3514 557 3583 Coningtoni
575 3531 627 3568 nou
645 3516 819 3571 satisfaciunt
836 3514 1025 3583 explicationes
1043 3512 1174 3568 hactenns
1192 3528 1253 3580 pro-

195 3627 196 3631 ,
230 3581 286 3650 ipse
314 3584 406 3635 tamen
423 3581 585 3646 nonhabet,
626 3599 689 3638 uam
708 3583 829 3664 proferat
846 3583 992 3663 meliorem.
1027 3582 1154 3637 Ceterum
1170 3581 1253 3634 verba
1307 3595 1310 3600 ·

194 3649 1251 3796 t0rttt⁰vtf¹³¹⁴2ttrttt⁹⁸t01.⁰dictati·tttfftltlta]

194 3800 215 3837 a
244 3784 381 3849 silvarum,
427 3802 478 3839 uae
495 3786 585 3840 Servio
616 3788 686 3841 teste
715 3786 856 3855 mephitim
885 3802 1015 3854 aquarum
1032 3784 1252 3853 sulphuratarum

196 3852 355 3921 graviorem.
425 3893 431 3906 .
461 3856 553 3908 antem
571 3854 619 3916 VI,
636 3857 696 3908 67³.
718 3855 790 3908 luem
813 3854 967 3907 habitamus
983 3853 1080 3923 opacis
1096 3852 1185 3920 ibique
1204 3850 1251 3906 od·

194 3921 356 3974 -eabalat
383 3938 430 3973 me
457 3922 562 3976 bitim.
596 3922 640 3976 Sic
657 3921 749 3975 Heius.
779 3925 868 3990 (quem
900 3937 991 3975 omnes
1019 3920 1180 3976 recentiores
1210 3937 1251 3973 se-

194 4003 199 4017 ·
226 3986 353 4047 editores)
382 4004 413 4039 ex
462 3988 504 4042 ed.
528 3993 557 4044 et
579 3989 640 4043 aliis
663 3990 739 4043 bonis
755 3989 832 4043 libris
851 3989 973 4043 restituit
1009 4005 1039 4042 ro
1059 3988 1130 4056 vulg.
1151 3987 1251 4056 saepti·

194 4054 228 4107 id.
249 4053 283 4108 ad
301 4054 358 4109 Ecl.
376 4054 423 4119 IV,
444 4060 484 4111 32.
502 4060 530 4111 et
548 4057 581 4124 V,
599 4063 639 4113 50.
667 4057 748 4111 etei,
766 4057 842 4111 Neue
860 4006 1053 4109 Formealill.
1092 4057 1174 4132 ·²l⁷·
1208 4054 1251 4117 „A

199 4138 331 4201 aquarum
348 4125 468 4191 exsurgit
484 4125 576 4192 gravis
593 4125 666 4188 odor,
681 4141 759 4194 quem
776 4124 915 4194 mephitim
930 4071 1089 4190 appellaviii
1114 4122 1184 4200 Hinc
1201 4120 1252 4201 dea

195 4208 219 4256 s,
245 4206 321 4243 eurus
353 4190 432 4244 aedes
462 4207 522 4246 cnm
551 4192 613 4246 aliis
638 4192 703 4246 locis
721 4195 779 4245 tum
798 4193 825 4244 ia
846 4190 965 4258 Hirpinis
984 4192 1042 4244 erat
1058 4188 1093 4243 ad
1110 4188 1251 4245 Amsanctr

222 4256 281 4310 Vid.
300 4256 370 4312 Plin.
388 4258 426 4324 Π,
444 4263 485 4321 93,
504 4265 547 4313 95.
579 4263 608 4314 et
636 4260 708 4314 inira
724 4259 785 4321 Vll,
804 4263 853 4314 564
872 4275 926 4328 sq:
956 4259 989 4312 ut
1021 4256 1049 4310 in
1078 4256 1167 4311 tutela
1195 4257 1251 4312 eius

194 4325 330 4379 rideantur
347 4342 432 4395 aqnse
451 4327 595 4382 sulfureae.
631 4328 758 4382 Fortasse
777 4326 857 4382 huius
874 4326 980 4395 vaporis
999 4324 1112 4380 sulfurei
1129 4325 1182 4378 vim
1201 4325 1250 4379 ali·

194 4393 277 4446 lirino
306 4394 405 4461 spiritu
433 4394 543 4449 cibandi
575 4411 632 4449 esse
661 4396 833 4451 crediderunt
862 4397 965 4449 veteres
990 4392 1166 4462 Aborigines;
1198 4409 1250 4461 qao

198 4478 260 4515 esse
278 4460 393 4527 videtur,
410 4463 443 4516 ut
460 4462 599 4518 oraculum
616 4463 644 4516 in
661 4463 709 4518 illo
726 4464 784 4517 locb
802 4463 975 4517 conderent.“
1006 4462 1038 4515 H
1090 4504 1096 4516 .
1124 4462 1250 4516 Ceterum

194 4546 221 4582 m
252 4529 399 4583 Varronem
428 4544 471 4584 a.
501 4531 627 4586 Lactsot.
656 4532 724 4586 lnst.
748 4532 771 4593 I,
795 4536 818 4585 6.
849 4533 877 4586 et
900 4530 1036 4584 Tibullum
1086 4534 1135 4595 ,5,
1155 4533 1188 4583 69
1209 4544 1248 4596 eq.

194 4616 201 4650 ι
228 4596 313 4650 etiam
343 4596 428 4676 ipsius
444 4545 562 4665 Aibytlse
580 4599 737 4653 Tiburtinae
768 4602 827 4653 erat
855 4614 966 4660 nomem
998 4598 1033 4651 ab
1060 4597 1120 4651 aliis
1149 4597 1248 4658 autem,

194 4664 258 4719 ubie
287 4680 404 4717 nominis
434 4665 611 4720 similitudine
634 4666 761 4735 deceptis,
787 4683 849 4721 cum
868 4666 1020 4721 Leucothea
1036 4664 1199 4719 Graecorum
1227 4680 1248 4718 s.
1342 4719 1344 4725 ,

194 4749 235 4786 rnr
265 4732 374 4786 Matuta
403 4732 579 4787 confunditur
607 4737 654 4799 (cf.
681 4734 806 4787 Lactant.
827 4734 850 4798 I,
874 4737 934 4799 tt).
969 4733 1031 4787 Vid.
1049 4729 1248 4811 Spengenberg.

196 4804 240 4854 60.
273 4800 396 4855 Creuzer.
413 4817 463 4852 aar
480 4799 578 4854 Greci.
597 4803 704 4855 adama
724 4799 822 4854 &altar
834 4820 865 4881 p.
886 4806 941 4856 101.
959 4801 1027 4864 lani,
1049 4799 1131 4854 Orelli
1149 4796 1249 4868 aliique

194 4869 223 4922 sd
241 4867 306 4920 Hor.
324 4866 344 4920 l.
363 4867 381 4921 l.
400 4868 428 4921 et
461 4868 489 4922 ui
507 4868 653 4922 laudantur
672 4868 699 4920 iu
721 4868 842 4936 Klopien
860 4870 924 4923 Lex.
942 4867 1054 4937 mythol.
1072 4868 1093 4920 l.
1107 4884 1132 4936 p.
1148 4869 1195 4920 124
1208 4883 1247 4947 sq.

194 4934 293 5014 ‘eerlln
312 4935 394 5014 etism
413 4884 474 4989 bii.
494 4935 580 5003 ipsam
604 4935 735 5005 Sibyllam
753 4936 898 5006 significari
917 4940 1005 4990 totum
1024 4949 1058 4989 ne
1075 4933 1163 4990 locum
1182 4936 1248 4989 satrs

194 5020 209 5059 r
240 5019 279 5058 arc
307 5001 525 5058 constrtuendum
553 5006 655 5060 censet:
683 5005 810 5076 lucoque
837 5008 887 5059 aab
915 4952 1029 5058 ottob

1026 5003 1128 5059 ambit
1143 5003 1248 5059 Alba·
1321 5011 1322 5016 ’
