3359 5725
561 569 795 638 AENEIDOS
813 573 897 638 LIB.
918 573 962 638 X.
1296 577 1356 639 425

180 735 312 800 Vellere
334 746 366 800 et
387 745 541 822 urguetur
562 759 674 824 pugna
696 761 890 824 congressus
912 740 1033 824 iniqua,
1246 806 1256 820 ,

180 818 289 883 Multa
309 841 443 883 movens
464 820 572 885 auimo
593 823 657 885 iam
679 821 810 886 taudem
835 823 977 906 erumpit
998 832 1030 886 ct
1051 823 1135 885 inter
1305 830 1356 880 896

181 901 356 967 Bellatoris
379 902 454 990 equi
475 924 558 967 cava
579 912 727 991 tempora
749 906 869 969 conicit
890 905 1025 971 hastam.

181 984 283 1049 Tollit
304 1008 339 1048 se
361 994 520 1050 arrectum
547 985 735 1074 quadrupes
757 996 789 1053 ct
810 988 954 1054 calcibus
978 1009 1076 1052 auras

180 1067 345 1133 Verberat
365 1068 564 1156 effusumque
587 1072 726 1156 equitem
747 1093 845 1158 super
866 1073 938 1158 ipse
961 1080 1090 1136 secutus

178 1150 321 1238 Inplicat
343 1152 509 1236 eiectoque
531 1152 689 1218 incumbit
710 1176 849 1219 cernuus
871 1176 971 1219 armo.

180 1403 338 1468 uoluente,
368 1401 406 1455 sic
436 1418 478 1469 ap.
503 1401 572 1455 Stat.
591 1401 655 1456 Silv.
674 1402 701 1467 1,
722 1406 750 1468 1,
771 1404 812 1454 61.
840 1401 916 1470 ipsae
946 1402 1063 1457 malum.
1094 1431 1124 1438 -
1154 1400 1219 1461 889.
1246 1418 1357 1470 puquo

178 1471 317 1538 ins'quu,
356 1469 436 1523 sdItis
454 1471 549 1523 contra
570 1469 696 1538 equItem.
715 1499 747 1508 -
766 1469 830 1530 896.
856 1469 969 1522 Multa
999 1485 1127 1522 crevens
1152 1468 1274 1531 animo,
1303 1484 1357 1536 qua

181 1538 290 1591 ratione
308 1553 325 1590 a
344 1538 390 1590 cat
406 1535 578 1591 Mezentium.
611 1537 670 1591 Iam
687 1537 803 1605 legimus
822 1537 888 1590 baec
911 1536 993 1590 verba
1010 1537 1064 1600 III,
1082 1540 1125 1589 34.
1145 1535 1260 1588 —iem
1282 1543 1355 1588 ton·

177 1609 252 1659 dem
269 1604 421 1673 erumpit.
456 1604 584 1657 Imitatur
603 1603 752 1672 Vergilium
783 1604 834 1656 Ios.
852 1604 965 1658 Iscsnus
997 1603 1030 1657 de
1060 1602 1128 1655 bello
1150 1603 1219 1656 I'roi.
1243 1603 1275 1664 V,
1297 1605 1355 1656 269.

177 1673 261 1726 sebit
279 1672 376 1724 obuius
393 1671 469 1725 Aiax
486 1672 547 1725 Iam
575 1673 685 1725 tandem
715 1688 869 1736 emlmtcmr,
898 1687 977 1739 quem
994 1670 1097 1725 Peerlk.
1121 1669 1224 1723 laudat.
1242 1701 1275 1708 -
1292 1668 1355 1730 891.

177 1740 342 1793 Bellator
361 1755 463 1807 equus
479 1738 583 1807 legitur
602 1739 685 1792 etiam
702 1738 767 1793 (ico.
786 1690 822 1805 ll,
844 1742 899 1791 145.
917 1738 974 1803 (ubi
999 1737 1053 1791 vid.
1072 1737 1199 1803 ednott.).
1218 1737 1284 1790 Aen.
1303 1737 1352 1802 XI,

176 1812 219 1861 89.
253 1807 316 1859 Tac.
337 1806 427 1859 Germ.
448 1809 488 1872 14,
506 1810 530 1858 5.
548 1804 583 1860 al.
618 1806 662 1860 Sic
692 1806 763 1859 inira
779 1805 842 1867 XII,
864 1809 922 1858 751.
958 1807 1035 1858 cunels
1062 1813 1188 1866 uenator,
1207 1821 1250 1873 ap.
1269 1804 1351 1858 Mart.

176 1873 240 1934 XII,
263 1878 286 1928 1.
322 1873 462 1927 Molossus
492 1873 613 1926 &strator
629 1874 693 1927 cett.
728 1872 771 1927 cf.
790 1872 872 1926 etiam
903 1866 1009 1926 aduott.
1031 1870 1065 1925 sd
1083 1872 1139 1925 Ecl.
1157 1872 1235 1933 VIII,
1265 1874 1303 1924 13.
1320 1902 1353 1911 -

177 1943 271 1994 inter
289 1948 440 2009 tempora
461 1941 590 1994 conicit
605 1942 746 2007 lustum,
765 1941 792 1993 in
811 1940 938 1995 frontem.
973 1939 1017 1994 Sic
1035 1939 1093 1992 Lis.
1106 1939 1183 2002 VIII,
1196 1944 1220 1991 Ι.
1255 1938 1353 2008 Spicul-

177 2010 236 2061 lum
253 2010 326 2061 imer
343 2024 425 2062 aures
442 2008 507 2076 equi
521 2009 590 2073 ficit.
624 2009 751 2062 Ceterum
767 2007 811 2063 hio
829 2010 988 2076 comparent
1006 2006 1122 2059 similem
1139 2006 1249 2060 Homeri
1265 2006 1354 2060 locum

177 2075 308 2153 ll3Vlll,
331 2078 360 2154 81
381 2091 437 2194 sqq.
458 2106 489 2114 —
507 2094 590 2154 cova
608 2083 776 2145 tempora,
795 2077 827 2128 ut
843 2075 891 2154 IX,
911 2078 968 2128 633.
988 2076 1017 2128 et
1034 2077 1092 2127 808.
1110 2104 1143 2112 -
1161 2070 1225 2134 892·
1244 2073 1353 2152 „Equus

176 2140 1355 2328 lillellt‘qffltltulttt1.tuttiultumltltttfllz

178 2292 339 2345 resupmus3
359 2292 411 2330 ncn
426 2292 485 2330 mm
502 2275 607 2346 reIIqua
617 2277 793 2343 admittunt);
812 2293 873 2331 mox
890 2276 947 2345 ipse
959 2292 1043 2346 equus
1056 2292 1084 2329 m
1102 2277 1185 2343 eaput
1201 2276 1356 2345 procumbit

176 2349 205 2398 et
235 2360 311 2397 armo
341 2360 388 2397 suo
418 2342 553 2397 incumbit
601 2345 718 2397 rostrato
737 2343 878 2397 Mezentio.
897 2372 908 2383 -
927 2373 940 2384 ·
957 2372 969 2384 -
987 2343 1085 2396 tollit
1111 2360 1148 2395 se
1176 2350 1354 2402 arrectum,

175 2411 315 2534 §rioribus
334 2410 447 2480 pedibus
467 2412 563 2465 erectis
582 2361 654 2464 laud
673 2410 760 2464 dubie.
796 2411 836 2464 Gi.
856 2410 903 2476 XI,
914 2413 963 2464 631
984 2427 1043 2479 sqq.
1078 2409 1170 2462 Livius
1188 2409 1262 2475 VIII,
1283 2414 1308 2461 ¹1.
1327 2413 1355 2463 et

195 2478 260 2532 ilius
269 2478 317 2545 IX,
328 2482 395 2541 565,
407 2479 453 2533 nbi
470 2494 512 2532 res
523 2478 557 2531 ad
570 2478 744 2545 elephantum
757 2477 910 2530 traducta.“
927 2478 960 2529 H
1010 2518 1016 2531 .
1034 2478 1134 2529 Auson.
1146 2477 1175 2529 in
1185 2476 1260 2529 Ceut.
1276 2480 1353 2543 nupt.

179 2550 236 2600 163.
255 2545 297 2598 his
318 2545 405 2600 verbis
423 2545 558 2613 impudice
576 2545 707 2598 abutitur.
728 2574 760 2583 -
781 2544 949 2611 ‚pulsibus
990 2561 1004 2598 e
1030 2543 1224 2612 posterioribus
1242 2542 1356 2620 pedibus

176 2614 293 2681 accipio:
312 2612 372 2680 quis
394 2613 464 2666 enlm
484 2615 574 2681 neget,
594 2613 656 2681 equi
673 2614 798 2665 naturam
817 2611 943 2672 sicfcrre,
962 2613 994 2664 ut
1008 2626 1072 2678 prae
1083 2610 1174 2664 dolore
1191 2609 1354 2665 calcitret?¹‘

176 2681 251 2734 Hsec
269 2679 325 2733 fere
346 2680 433 2748 Hepn.
471 2679 539 2733 (lum
559 2683 650 2733 tamen
670 2695 754 2748 equus
784 2694 814 2733 se
830 2680 966 2733 arrectum
996 2676 1091 2731 tollere
1109 2681 1137 2731 et
1163 2678 1244 2730 simul
1274 2677 1356 2731 recel-

176 2749 277 2801 citrarc
294 2763 348 2799 non
366 2747 462 2814 possit,
480 2746 584 2801 Peerlk.
616 2747 706 2800 cumea
723 2745 756 2800 de
786 2745 965 2799 anterioribus
984 2744 1099 2813 pedibus
1126 2745 1269 2813 intelligit,
1295 2745 1355 2799 coll.

175 2815 244 2871 Silio
261 2814 348 2879 XVII,
368 2818 434 2878 133,
454 2813 500 2885 qni
518 2814 589 2869 hunc
606 2814 692 2868 locum
711 2814 750 2868 sic
767 2813 907 2867 lmItatnr:
931 2814 1065 2881 nexuque
1086 2830 1134 2868 ore
1151 2820 1263 2866 cruento
1283 2813 1356 2874 Qum·

175 2884 344 2953 drepedem
373 2882 454 2935 cletis
478 2882 634 2952 pelusioten
662 2881 783 2935 calcibm
811 2899 906 2935 cures.
940 2881 977 2935 Et
1004 2897 1068 2934 sane
1094 2881 1170 2934 locus
1195 2881 1233 2933 sic
1260 2881 1356 2933 melius

177 2950 288 3004 ridetur
304 2950 399 3018 echpi,
418 2963 499 3019 qnam
519 2950 543 3003 si
569 2966 630 3003 cum
648 2949 751 3018 Ileynio
773 2964 923 3016 sumamus,
953 2964 1051 3017 equum
1076 2948 1193 3014 primum
1221 2950 1357 3000 arrectum

175 3034 205 3072 se
236 3017 345 3079 tollere,
375 3019 434 3070 turn
473 3032 536 3071 vero
564 3016 697 3087 prioribus
726 3015 839 3085 pedibus
878 3015 1038 3069 innItentem
1077 3015 1226 3067 calcitrare.
1278 3014 1357 3078 (Con-

176 3086 303 3140 sentiunt
334 3099 439 3138 mecum
464 3099 557 3137 omnes
586 3083 748 3138 recentiores
779 3083 915 3150 editores.)
932 3081 1032 3136 Wslrei.
1063 3082 1096 3134 ed
1123 3081 1202 3134 anr.
1219 3081 1270 3143 VI,
1296 3085 1356 3135 689.

176 3152 236 3220 (nbi
254 3153 384 3219 legimns:
414 3151 501 3205 Tollit
517 3168 559 3213 se,
584 3169 619 3204 uc
635 3151 717 3204 rectis
735 3151 776 3203 ito
793 3151 921 3217 faraem'bus
946 3150 1022 3201 er'icit
1046 3150 1102 3201 ulte
1121 3152 1196 3202 cett}
1212 3149 1293 3201 etiarn
1313 3148 1357 3201 bic

176 3221 233 3289 legi
261 3218 335 3272 vult:
368 3218 456 3272 Tollit
481 3236 510 3272 se
538 3236 573 3272 uc
594 3226 684 3271 rectus
712 3218 872 3287 quadrupes
892 3219 933 3269 ita
962 3217 1028 3270 calc.
1058 3234 1145 3269 auras
1176 3215 1206 3267 V.
1232 3246 1264 3255 -
1291 3215 1356 3276 893.

176 3288 272 3357 Equus
309 3288 381 3339 retro
409 3286 522 3348 cadens,
558 3287 616 3355 ipse
648 3285 726 3338 iusns
755 3301 836 3353 super
870 3284 985 3339 effusum
1014 3284 1144 3351 equilem,
1180 3298 1241 3335 cum
1279 3282 1357 3351 quasi

175 3352 345 3422 constriugit
371 3369 479 3423 corpore
508 3368 556 3407 suo
591 3356 619 3406 et
648 3352 739 3414 lacit·
755 3356 788 3405 ut
816 3368 845 3406 se
871 3350 994 3420 expedue
1023 3367 1076 3405 non
1105 3350 1200 3419 possit.
1231 3380 1263 3389 -
1291 3348 1357 3411 894.

179 3421 273 3476 Verba
291 3423 428 3489 electoque
445 3424 506 3487 etc,
525 3436 592 3490 qnae
611 3420 799 3474 antecedentis
817 3419 961 3489 explicant,
981 3418 1059 3487 vulgo
1078 3418 1116 3471 stc
1129 3418 1356 3487 iuterpretantur:

176 3490 356 3557 eiectoque
373 3487 457 3564 equiti
475 3488 533 3556 (qui
550 3487 585 3541 ad
602 3487 675 3541 latus
694 3487 755 3557 equi
764 3487 910 3552 exciderat)
928 3486 1090 3539 incumbit
1106 3503 1250 3539 cernuus
1265 3489 1357 3538 a‘rmo

178 3573 238 3619 sno,
258 3570 345 3625 neque
363 3554 443 3609 ahter
460 3554 553 3623 Bryce,
571 3555 617 3623 qui
634 3573 712 3609 armo
729 3554 845 3622 explicat
872 3555 955 3621 „will
981 3555 1023 3607 ΙΙΙ
1042 3555 1199 3607 εΙιοΙΙιΙεν“.
1232 3553 1357 3606 Donatus

177 3627 271 3679 autem
291 3622 390 3677 rectius
408 3622 548 3691 coniungit
575 3623 658 3676 verba
685 3623 768 3675 eiecto
787 3639 878 3689 ormo,
925 3638 975 3675 nse
998 3621 1207 3690 interpretatur:
1235 3622 1357 3689 porrecto

178 3692 269 3746 altero
286 3705 363 3743 cmre
381 3691 460 3753 (‚‚mit
479 3690 681 3758 ampermlclem
705 3689 894 3756 Vordcrhu9“:
936 3688 1044 3753 aden.);
1062 3687 1132 3757 quod
1152 3688 1234 3742 etiam
1251 3687 1357 3741 Peerlk.

177 3759 289 3828 probat,
308 3756 414 3811 collatis
431 3757 563 3812 Scribonii
581 3757 634 3811 Lar
655 3758 660 3770 '
681 3757 783 3810 verbis:
813 3757 863 3810 Ad
891 3757 1013 3809 locatum
1042 3773 1118 3809 etune
1142 3763 1167 3808 ct
1195 3755 1308 3808 electum
1333 3762 1359 3807 et

178 3845 193 3880 c
235 3826 336 3879 osr'tum
352 3823 598 3879 articulumentum.
633 3841 703 3878 ism
722 3840 786 3877 sune
814 3824 907 3892 negari
925 3824 1028 3893 nequit,
1061 3824 1154 3883 eiecto,
1173 3822 1197 3874 si
1217 3822 1297 3890 paulo
1314 3822 1358 3874 in-

178 3911 209 3947 so
222 3893 313 3947 entius
330 3908 378 3961 pro
395 3892 497 3946 desecto
517 3892 633 3961 positum
664 3891 698 3945 ad
718 3891 835 3961 equitem
854 3891 970 3944 refertur
989 3894 1070 3969 ⁴post
1087 3890 1135 3942 ills
1152 3891 1266 3958 effusum
1282 3889 1357 3957 εφη·-

178 3970 230 4015 tem
249 3963 302 4013 etc.
322 3960 401 4028 plane
430 3960 546 4012 otiosum
565 3975 629 4013 esse.
668 3957 774 4012 Laden.
807 3962 948 4025 comparat
965 3931 1025 4012 lini
1041 3956 1075 4023 X,
1095 3960 1152 4009 255.
1192 3973 1358 4024 quorumnam

180 4029 306 4082 Cet-rm
323 4027 424 4095 inflexo
440 4027 550 4105 sonipes
566 4028 704 4096 effuderat
720 4043 798 4079 amno
816 4029 845 4078 et
861 4027 960 4077 eiicere
981 4041 1087 4076 armum
1105 4023 1197 4076 eodem
1215 4037 1295 4075 sensu
1312 4037 1356 4091 ap.

176 4096 277 4165 Veget.
295 4095 333 4161 ΙΙ,
350 4098 393 4156 45,
413 4097 452 4156 1.,
483 4095 583 4147 elicere
609 4095 700 4147 autem
729 4093 859 4147 ceruicem
884 4108 928 4145 a.
958 4091 1072 4145 eundem
1101 4090 1155 4152 III,
1179 4093 1224 4153 41,
1252 4093 1272 4143 1.
1302 4088 1358 4157 legi

176 4166 320 4236 memorat.
340 4190 371 4200 ·-
391 4159 561 4220 „Gernuus
578 4161 678 4215 dicitnr
696 4176 788 4230 equus,
807 4160 853 4229 qui
871 4108 944 4213 eadit
963 4159 991 4212 In
1011 4156 1120 4219 faciem,
1153 4157 1230 4225 qussi
1253 4157 1280 4211 in
1298 4172 1358 4211 eum

177 4232 285 4299 partem
315 4227 427 4290 cedens,
458 4244 537 4297 quam
568 4229 728 4282 cernImus.“
763 4228 836 4281 Haec
857 4227 952 4295 Scru.;
980 4225 1084 4281 Nonius
1112 4226 1202 4278 autem
1220 4241 1246 4293 p.
1267 4229 1299 4278 20
1317 4242 1356 4293 sq.

181 4297 325 4361 „Cerrinus
344 4294 444 4348 dicitur
481 4312 550 4365 repr.
569 4295 723 4359 inclinatus,
753 4296 830 4364 quasi
860 4295 932 4375 quod
958 4296 1058 4348 terrum
1090 4295 1210 4347 cemst.“
1245 4292 1359 4361 Legitur

177 4365 262 4419 etlam
279 4379 323 4431 ap.
342 4361 437 4415 Silium
449 4312 483 4424 'f’
497 4367 564 4425 256,
586 4363 632 4433 qni
650 4364 787 4416 Maronem
806 4364 844 4416 stc
861 4362 997 4415 imitatur:
1016 4361 1158 4425 (Poenum)
1177 4359 1299 4414 &mum
1316 4360 1358 4411 in·

172 4433 251 4500 fleto
270 4431 382 4500 sonim
411 4431 548 4498 effuderat
565 4448 653 4493 amno,
671 4428 756 4484 Lucil.
774 4430 831 4484 Sat.
850 4430 916 4493 Ill,
928 4435 967 4481 16.
985 4429 1101 4488 XXVII,
1121 4432 1162 4481 24.
1186 4428 1260 4482 Gerl.
1280 4433 1359 4495 (quae
1438 4469 1444 4480 .

177 4499 336 4569 fragmenta
353 4497 494 4553 Noniml.
513 4497 532 4551 l.
550 4499 639 4577 effert)
660 4500 688 4552 et
705 4497 728 4550 A
747 4496 810 4549 ulei.
827 4497 892 4551 Met.
905 4495 954 4562 IX,
972 4500 1012 4549 38.
1027 4513 1052 4565 p.
1070 4500 1129 4549 666.
1148 4495 1226 4556 Oud,
1245 4494 1291 4547 ubi
1310 4493 1359 4546 alii

178 4565 321 4620 remulcum
340 4563 476 4620 exhibent.
512 4565 648 4634 Imprimrs
667 4564 701 4618 ci.
748 4568 790 4617 ter
809 4563 907 4618 Lucilii
924 4564 1012 4618 locus:
1042 4563 1134 4615 Modo
1153 4580 1259 4615 sursum
1275 4562 1358 4614 modo

178 4636 308 4688 deornm
325 4640 464 4701 tamquam
480 4633 571 4686 collm
590 4633 697 4698 renui,
729 4631 800 4685 unde
818 4635 939 4699 apparet,
957 4646 1012 4684 non
1030 4646 1098 4699 opus
1117 4645 1183 4691 esse,
1211 4632 1243 4682 ut
1260 4643 1290 4681 er
1308 4627 1359 4681 bac

178 4716 241 4756 soce
260 4699 456 4755 concludamus
473 4714 571 4768 equum
582 4715 696 4770 pronum
714 4698 817 4760 cedere,
835 4698 906 4766 quod
920 4698 1028 4752 videtur
1045 4713 1103 4752 esse
1125 4699 1220 4750 contre
1232 4698 1360 4748 naturam

178 4770 239 4839 equi
257 4768 286 4822 ΙΙ
304 4768 396 4821 fronte
413 4765 549 4820 vulnerati
565 4771 594 4822 et
610 4767 769 4821 adversatur
786 4765 874 4819 verbis
892 4768 1007 4836 effecum
1027 4766 1142 4834 equitem
1169 4779 1273 4832 super
1301 4764 1314 4815 i
1331 4779 1360 4817 oe

177 4843 285 4890 secum
305 4834 477 4905 inplicam·
507 4834 589 4889 immo
607 4850 687 4905 eques
705 4834 806 4903 etipse
824 4835 897 4887 rotro
915 4833 1062 4887 effunditur
1087 4836 1116 4885 et
1145 4847 1260 4883 cernuus
1286 4846 1312 4883 rr
1332 4846 1358 4884 e·

179 4906 223 4958 tur
257 4904 279 4957 si
320 4902 414 4955 ificarc
442 4916 547 4970 equum,
598 4903 626 4955 ui
657 4918 685 4957 se
713 4901 842 4955 volutans
871 4904 953 4970 caput
983 4900 1133 4977 collumque
1157 4897 1236 4950 modo
1252 4914 1359 4953 sursum

181 4970 259 5027 modo
298 4984 408 5025 eorsum
436 4972 532 5023 moret.
592 4970 686 5024 erbum
716 4985 848 5023 renuere
877 4967 910 5022 de
939 4968 1014 5038 equis
1045 4967 1145 5034 legitur
1169 4981 1212 5038 ap.
1230 4965 1309 5023 Varr.
1325 4967 1360 5025 de
