3359 5725
601 576 882 651 OATALEOTA.
903 585 977 652 VII.

381 764 442 819 VH.
477 761 636 818 RELICTIS
653 763 748 820 ALIIS
766 766 904 822 STUDIIS
921 766 1192 827 PHILOSOPHIAII

541 831 748 887 EPICUREAM
763 834 1024 892 AMPLEUI'ITUR.

195 933 244 999 Ite
265 932 351 1016 hinc,
374 934 498 1016 inanes,
517 933 571 1015 it'e,
593 932 760 1000 rhetorum
783 936 956 1023 ampullae,

195 1016 315 1082 Inflata
336 1038 412 1081 rore
430 1038 495 1081 non
516 1014 661 1082 Achaico
683 1017 800 1102 verba,

195 1100 240 1164 Et
261 1122 330 1183 vos,
353 1098 498 1187 Stiloque
522 1098 738 1187 Tarquitique
759 1101 939 1190 Varroque,

197 1181 472 1248 Scholastieerum
492 1182 580 1247 natio
603 1183 738 1248 madens
761 1187 886 1272 pingui,

195 1266 244 1331 Ite
265 1266 351 1350 hinc,
372 1267 469 1330 inane
492 1264 665 1351 cymbalou
686 1268 873 1334 iuventutis.
1356 1289 1372 1338 5

196 1349 321 1437 Tuque,
344 1372 362 1415 ο
383 1371 529 1414 mearum
552 1371 639 1431 cura,
663 1348 774 1434 Sexte,
797 1374 960 1435 curarum,

192 1559 195 1564 '
262 1549 322 1604 VH.
346 1549 443 1604 Exstat
461 1547 511 1603 666
529 1564 645 1613 carmen,
666 1550 835 1604 scaaoutibus
854 1551 1044 1621 conscriptum,
1062 1552 1135 1632 quod
1152 1555 1181 1608 66
1197 1554 1287 1624 iprum
1306 1555 1373 1611 Ver·

214 1616 328 1672 ilianum
344 1617 460 1685 ridetur,
477 1617 505 1670 16
523 1616 606 1670 Anth.
623 1616 685 1671 Lat.
698 1618 792 1672 Burm.
805 1618 842 1682 11,
855 1623 913 1672 213.
932 1636 952 1676 s.
975 1620 1076 1688 Meyerr
1094 1638 1121 1674 n.
1140 1625 1180 1677 96.
1199 1626 1228 1676 66
1245 1627 1371 1679 accurate

194 1634 228 1739 66
256 1702 286 1739 66
311 1683 441 1740 disseruit
467 1685 528 1738 Hau
547 1687 566 1740 t.
593 1685 612 1738 l.
635 1684 655 1738 1.
680 1701 706 1754 p.
729 1689 829 1741 5-11.
874 1686 1002 1741 Remittit
1023 1690 1118 1742 auctor
1140 1689 1260 1744 rhetores
1285 1691 1371 1746 etad

212 1752 367 1832 hilosophos
386 1769 415 1807 se
433 1702 546 1807 confert
580 1752 737 1822 Comparari
754 1755 846 1822 potest
865 1755 952 1809 simile
969 1753 1038 1808 Ciris
1057 1755 1201 1812 exordium.
1237 1757 1263 1817 1.
1283 1759 1372 1829 Vulgo

193 1771 235 1874 Ite
251 1821 323 1901 6166,
339 1836 436 1900 eneam
451 1821 589 1901 rhetorum
606 1822 732 1901 maniplo,
751 1827 837 1901 metro
856 1822 1025 1902 claudicante
1043 1826 1135 1892 (quare
1153 1827 1227 1887 sunt,
1246 1826 1292 1895 661
1305 1832 1372 1947 8666

193 1889 1373 2037 61161166166113166611,11116611111111.113....6

194 2024 259 2079 sunt
282 2026 443 2079 recentiores
465 2023 592 2090 editores)
614 2024 688 2078 lehcr
710 2041 776 2080 com.
799 2025 861 2079 mde
883 2026 1074 2095 1661666666,
1092 2029 1140 2091 ite,
1158 2029 1297 2082 rhetorum
1313 2048 1371 2084 aas·

214 2092 290 2146 61166
328 2091 389 2145 6611.
412 2092 477 2147 Hor.
500 2092 549 2160 llp.
571 2091 606 2146 66
628 2092 682 2146 Pis.
706 2097 747 2147 91.
772 2092 829 2148 cod.
853 2093 901 2161 Ep.
922 2093 989 2161 Ι,3,
1010 2098 1049 2147 11.
1074 2098 1102 2149 66
1118 2095 1261 2151 Weichert.
1279 2097 1369 2152 Poett.

190 2111 267 2214 hott.
286 2134 355 2214 heu.
373 2177 400 2229 p.
418 2162 467 2213 331
539 2204 544 2214 .
580 2159 640 2213 Vid.
665 2159 748 2213 etiam
766 2159 850 2215 Orell.
867 2160 903 2215 ad
921 2161 986 2217 Hcr.
1007 2162 1039 2215 Δ.
1057 2162 1089 2216 P.
1103 2161 1153 2216 l.l.
1172 2166 1201 2217 et
1217 2163 1317 2219 Obbar.
1337 2165 1372 2220 ad

193 2228 278 2283 eiusd.
301 2227 388 2298 Epist.
407 2228 426 2283 l.
447 2227 465 2281 1.
486 2175 546 2282 llhl.
566 2231 587 2282 l.
606 2243 631 2296 p.
651 2230 709 2281 269.
734 2228 821 2295 (Quod
843 2229 871 2282 in
892 2229 981 2298 priore
1003 2229 1068 2284 edit.
1092 2246 1152 2284 mea
1174 2234 1288 2311 apparet
1308 2233 1370 2297 rite,

192 2296 220 2350 id
239 2312 341 2352 mamm
360 2298 479 2350 erratum
498 2293 725 2375 typographIcum
743 2312 814 2359 esse,
840 2313 872 2349 er
890 2296 981 2351 adnot.
1003 2296 1141 2365 adscripta
1158 2315 1218 2367 qms
1239 2316 1272 2353 66
1291 2299 1372 2354 iutel-

191 2364 276 2432 ligit.)
295 2397 324 2404 -
343 2360 371 2422 2.
393 2363 483 2427 „Ros
499 2363 680 2430 Acharrae,
698 2364 729 2415 ut
748 2363 897 2433 Cecropiae
912 2381 960 2417 ror
978 2363 1040 2432 [vid.
1053 2365 1170 2420 Martial.
1184 2317 1246 2430 Vll,
1259 2368 1319 2437 68.],
1338 2368 1372 2422 de

192 2432 232 2487 elo
253 2431 357 2495 uentia3
376 2447 423 2485 666
440 2446 541 2495 rorem,
561 2446 613 2499 quc
631 2429 738 2485 cicadae
755 2433 904 2501 pascuntur
922 2430 984 2500 [vid.
1004 2430 1039 2485 ad
1059 2430 1115 2486 661.
1135 2433 1199 2500 11],
1217 2450 1277 2498 666,
1318 2435 1372 2490 666

191 2449 293 2623 erla
311 2497 919 2621 1116666666661
937 2499 1045 2619 ul>
1063 2515 1112 2619 r
1129 2498 1371 2621 Gra-“rc

171 2584 269 2692 ’66666θ
281 2582 536 2689 tagoddlhestituit
552 2649 600 2702 pro
610 2604 690 2701 ‘vulgi
703 2605 792 2697 tr'crbe,
808 2582 1009 2713 huodmthlhtnlm
1026 2606 1111 2688 161666
1129 2585 1372 2707 lettihniamaahigrli

190 2705 224 2759 ab
247 2702 396 2758 editoribus
419 2701 658 2756 accommodatum.
694 2701 779 2755 Docet
800 2701 883 2755 simul
900 2702 949 2755 Vir
972 2701 1053 2765 doct,
1075 2701 1163 2757 Schol.
1183 2703 1279 2773 Crucq.
1297 2704 1371 2773 apud

190 2771 335 2826 Horatium
354 2770 373 2824 l.
389 2770 408 2824 1
426 2769 564 2891 ampullae
581 2768 712 2891 explicare
730 2785 777 2837 per
794 2768 867 2850 irata
884 2770 974 2836 verba,
992 2770 1129 2825 inflata.
1149 2800 1178 2809 -
1198 2770 1229 2825 V.
1244 2771 1279 2839 3.,
1297 2773 1370 2827 varie

190 2841 314 2895 tentatus
337 2853 353 2893 a
376 2838 448 2893 Vrrns
489 2838 557 2893 octis
580 2842 624 2904 (c.
648 2836 767 2902 Burm.),
792 2840 914 2893 continet
934 2837 1044 2893 nomina
1066 2855 1118 2892 non
1141 2840 1198 2893 tam
1220 2839 1369 2906 rhetorum,

208 2925 272 2962 uam
290 2907 529 2978 grammaticorum
551 2905 814 2974 (Scholasticomm).
849 2907 902 2961 Pro
920 2907 993 2976 vulg.
1005 2907 1065 2961 Sile
1080 2907 1186 2968 Albuti,
1205 2909 1371 2978 Arquitiqae

189 2926 294 3045 haupt.
317 2977 345 3029 et
368 2974 529 3045 posteriores
551 2974 668 3036 editores
687 2972 877 3041 exhibuerunt,
896 2991 965 3044 quae
983 2975 1009 3027 in
1028 2977 1157 3029 contextu
1173 2979 1306 3044 apparent
1324 2993 1370 3030 no-

190 3044 271 3098 mina.
307 3042 360 3097 Pro
380 3042 439 3096 Sile
460 3042 515 3095 iam
532 3041 618 3111 Heyn.
638 3041 791 3112 suspicatus
814 3047 858 3098 est
879 3042 996 3098 fortasse
1014 3042 1087 3096 Stilo
1110 3042 1281 3097 scribendum
1299 3060 1370 3112 esse3

189 3127 253 3165 nam
273 3110 302 3165 L.
321 3110 414 3165 Aelius
434 3109 517 3171 Stilo,
543 3109 591 3179 qui
616 3109 697 3164 66166]
721 3114 948 3165 commemoratur
965 3126 982 3164 a
999 3110 1084 3164 Cicer.
1101 3111 1130 3164 iu
1148 3111 1234 3164 Bruto
1251 3114 1294 3174 16,
1315 3115 1371 3167 169.

190 3184 232 3246 56,
252 3182 309 3232 265.
332 3178 420 3231 Plinio
437 3177 540 3244 XXIII,
562 3181 584 3243 l,
604 3182 628 3232 1.
651 3177 723 3233 Suet.
742 3177 774 3232 de
792 3178 857 3232 clar.
875 3176 944 3233 rhet.
965 3195 986 3232 c.
1007 3182 1032 3231 3.
1050 3177 1124 3240 aliis,
1149 3176 1235 3232 Gellio
1260 3182 1371 3233 auctore

189 3247 212 3310 Ι,
232 3250 272 3300 18.
293 3248 321 3301 66
337 3245 410 3310 XVI,
430 3248 453 3298 6.
476 3245 529 3298 1616
546 3244 674 3299 Varronis
697 3248 867 3315 praeceptor,
891 3247 919 3299 et
940 3245 1073 3316 Γ16666166
1096 3246 1222 3313 (fortasse
1241 3245 1273 3299 L.
1296 3246 1370 3300 illius

188 3313 334 3384 Tarquitii,
359 3313 404 3394 661
426 3313 580 3367 nominatur
601 3314 629 3366 in
652 3313 736 3367 Inscr.
755 3330 797 3382 ap.
815 3313 961 3367 Gruterum
980 3330 1005 3394 p.
1024 3316 1082 3379 626,
1101 3318 1125 3367 4.
1144 3315 1172 3367 66
1191 3312 1321 3368 Orellium
1342 3330 1369 3368 u.

191 3382 312 3450 118116),
335 3398 381 3503 661
405 3382 515 3449 scripsit
535 3381 570 3461 de
593 3380 736 3501 disciplina
753 3380 881 3461 Etrusca,
895 3383 1067 3461 ,mentionem
1089 3380 1194 3436 faciunt
1211 3380 1280 3436 Plin.
1299 3380 1371 3436 inter

190 3452 314 3505 auctores
349 3449 408 3503 .11.
432 3450 496 3504 Nat.
514 3448 580 3503 hrst.
603 3448 719 3516 (16.1,
737 3465 764 3517 p.
783 3451 825 3503 26.
844 3450 942 3519 Srlhg.)
965 3450 1081 3504 Macrob.
1100 3449 1158 3504 Sat.
1177 3448 1233 3516 III,
1252 3454 1276 3512 7,
1299 3452 1323 3503 2.
1363 3494 1369 3506 .

191 3522 250 3574 231.
267 3519 325 3572 lan.
345 3517 444 3572 Festus
462 3534 489 3586 p.
507 3520 566 3581 211,
588 3521 626 3572 16.
644 3516 681 3570 hi.
700 3516 834 3571 Ammian.
853 3517 936 3571 Marc.
949 3516 1050 3582 XXIII,
1071 3521 1094 3571 1.
1112 3517 1239 3571 Laetant.
1257 3517 1325 3572 Inst.
1342 3467 1370 3582 I,

191 3591 233 3648 26,
254 3589 293 3652 2,;
311 3601 393 3654 quare
410 3585 464 3638 iam
480 3584 516 3639 16.
529 3585 608 3639 Voss.
628 3583 694 3638 coni.
713 3592 739 3637 et
756 3601 805 3639 666
823 3586 890 3640 Aeli
953 3585 1013 3638 Tar
1062 3586 1136 3656 tique
1149 3585 1294 3655 Varroqae
1312 3585 1372 3652 (lm-

190 3653 324 3724 probante
342 3656 432 3707 tamen
451 3653 599 3707 66666666
617 3653 645 3706 16
663 3652 793 3707 Emendd.
811 3651 901 3708 Prae.
920 3671 946 3723 p.
964 3603 1110 3720 xxhiv).
1128 3683 1161 3692 -
1184 3651 1212 3712 4.
1237 3653 1285 3720 „si
1304 3654 1371 3707 Ver·

189 3721 251 3792 gilii
271 3724 342 3775 esset
359 3720 408 3774 hoo
426 3720 594 3790 poemation,
614 3719 804 3842 antiquissima
821 3722 938 3775 fortasse
956 3720 1022 3777 haec
1040 3724 1111 3775 esset
1128 3721 1201 3776 vocis
1220 3720 1371 3775 Scholasti-

192 3807 287 3844 corum
308 3789 482 3843 auctoritas.“
501 3789 592 3859 Heyn.
627 3790 667 3843 De
700 3787 864 3856 chalasticis,
880 3789 1005 3844 inanibus
1024 3788 1262 3852 declamatoribus,
1276 3788 1372 3842 61116-

190 3856 269 3911 hard.
289 3856 323 3910 ad
340 3857 448 3910 Petron.
468 3859 492 3911 6.
516 3856 633 3911 Casaub.
652 3855 687 3909 ad
704 3856 776 3910 Suet.
798 3857 831 3911 de
850 3855 915 3910 clar.
933 3856 1001 3910 rhet.
1020 3861 1045 3910 6.
1065 3859 1093 3910 66
1110 3855 1145 3910 66
1164 3854 1280 3934 Capitol.
1301 3856 1371 3908 Max.

191 3930 215 3980 3.
234 3925 328 3978 Barth.
347 3923 382 3976 ad
399 3925 470 3980 Stat.
489 3923 571 3980 Theb.
591 3924 639 3992 Vl,
658 3927 716 3976 161.
734 3923 808 3976 (lert.
827 3923 862 3977 ad
880 3923 950 3977 Plin.
970 3923 1055 3992 Epist.
1074 3924 1110 3986 11,
1131 3927 1153 3976 3.
1174 3922 1227 3975 ahi.
1246 3954 1278 3962 -
1304 3941 1371 3975 ma·

190 3995 284 4055 6666,
323 3990 421 4053 erfusa,
440 3991 553 4058 imbuta,
573 3990 617 4056 (cf.
637 3989 756 4044 Martial.
776 3989 795 4046 h
812 3990 831 4046 l.
850 3992 879 4044 et
896 3990 990 4044 Barth.
1006 3990 1131 4045 Adversa.
1144 3989 1227 4052 XXV.
1243 3992 1278 4055 1.)
1292 3990 1372 4059 pin-

190 4007 966 4196 inlllulllllaTllndilrlllhllgill1i‘cmliii
984 4057 1135 4178 illiti
1149 4056 1256 4178 titul
1293 4073 1371 4177 Til

191 4196 321 4266 Piapae
344 4193 514 4248 substantive
538 4195 698 4262 usurpatum
722 4165 859 4247 iuv’enitur
882 4192 964 4245 etlam
988 4192 1053 4246 Geo.
1076 4192 1132 4255 ΙΙΙ,
1154 4196 1210 4246 124.
1233 4191 1302 4246 Plin.
1321 4192 1369 4255 XI,

192 4269 234 4331 31,
255 4267 296 4317 65.
316 4262 443 4324 XXVIII,
461 4267 485 4323 9,
506 4265 547 4315 38.
565 4260 599 4317 al.
618 4291 651 4298 —
674 4260 701 4321 5.
726 4259 816 4329 Vulgo
836 4261 928 4314 166616
945 4261 1104 4325 lanositatis,
1130 4260 1148 4316 i.
1168 4277 1190 4315 6.
1229 4277 1279 4314 666
1297 4259 1372 4313 16661

191 4330 365 4385 institutione
383 4329 478 4383 utitur.
514 4329 567 4383 Sed
586 4327 826 4398 praestatHcinsii
843 4328 924 4382 lectio
943 4330 1023 4382 16666
1043 4329 1220 4397 6616661666
1252 4327 1371 4396 Hauptn'o

193 4402 220 4454 66
238 4398 432 4468 posterioribus
452 4396 600 4451 edItoribus
622 4399 780 4465 recepta·
801 4397 982 4466 epntbalon.
1001 4397 1097 4465 Wagn.
1110 4396 1207 4451 laudat
1220 4395 1325 4516 1166161.
1338 4395 1372 4448 66

194 4467 271 4522 Orth.
291 4473 315 4532 ξ.
333 4470 356 4520 8.
374 4482 401 4535 p.
422 4469 479 4521 123.
499 4465 632 4532 661661,
655 4482 686 4518 ex
704 4480 757 4534 quo
779 4465 950 4534 „cymbalum
966 4466 1163 4530 Dodonaeum,
1183 4467 1214 4517 ut
1232 4463 1298 4517 a'bi
1317 4463 1371 4517 tin-

192 4534 373 4601 tinnabulum,
392 4534 473 4598 lebes,
491 4550 537 4588 aes
556 4533 737 4600 Dodonaeum,
755 4532 842 4602 pelvis
860 4549 947 4599 aerea,
966 4536 1125 4602 tympanum
1143 4532 1245 4600 mnndi,
1264 4547 1371 4600 prover·

192 4602 269 4657 bium
289 4606 331 4658 est
350 4603 376 4656 in
398 4619 451 4665 eos,
470 4602 516 4672 qui
535 4618 604 4656 vana
622 4601 785 4670 loquacItate
804 4600 921 4654 inaniter
938 4601 1113 4672 loquuntur,“
1133 4600 1192 4655 coll.
1211 4601 1318 4655 Osanno
1336 4598 1371 4653 ad

192 4671 219 4726 6.
237 4671 255 4725 l.
275 4689 301 4740 p.
319 4674 359 4725 33,
380 4701 412 4709 ν·
430 4671 457 4731 6.
475 4689 558 4724 cura
576 4688 742 4732 euroram,
760 4669 779 4721 i.
799 4685 819 4722 6.
842 4668 959 4723 maxima
978 4686 1054 4735 cura,
1075 4668 1108 4723 de
1126 4684 1180 4738 qua
1196 4666 1372 4721 circumlocu-

193 4739 265 4793 tione
283 4737 448 4807 superlativi
465 4738 574 4793 Graecis
592 4738 705 4791 maxime
723 4737 904 4805 frequentata,
923 4753 1008 4807 neque
1027 4736 1133 4790 Latinis
1150 4737 1157 4789 i
1198 4737 1244 4789 ota
1262 4734 1326 4801 (vid.
1344 4751 1370 4790 v.

193 4823 216 4860 c.
233 4806 288 4861 Cic.
306 4806 341 4860 ad
360 4807 435 4860 Fam.
454 4807 501 4874 IX,
524 4811 572 4868 ll,
598 4806 644 4860 ubi
661 4807 847 4872 Agamemnon
869 4823 918 4858 ree
940 4823 1034 4874 repam
1052 4807 1162 4858 vocatur
1196 4804 1290 4872 Wagn.
1309 4819 1372 4857 con·

194 4874 258 4929 ferri
277 4875 353 4929 iubet
370 4873 488 4928 Fischer.
507 4874 541 4928 ad
563 4873 669 4929 Weller.
687 4873 731 4928 Gr.
751 4890 776 4941 p.
799 4876 855 4926 152.
874 4875 902 4926 66
919 4873 1056 4928 Staveren.
1076 4871 1111 4925 66
1128 4871 1196 4940 Nep.
1207 4873 1287 4941 Ages.
1299 4875 1323 4934 2,
1337 4875 1371 4937 4.,

194 4943 275 4996 simul
293 4941 409 5004 addens,
436 4943 547 4996 Sestum
564 4942 697 4997 Sabinum
715 4939 887 4995 hauddubie
904 4958 1017 5011 puerum
1037 4940 1260 4994 formosissimum
1278 4938 1362 4993 luisse

194 5011 265 5081 6666
282 5010 410 5081 probetur
429 5011 516 5066 verbis
534 5010 676 5066 subiectis:
696 5010 752 5065 iam
763 5009 859 5074 valete,
872 5009 1006 5080 formosi.
1041 5008 1187 5065 Nobiscum
1201 4981 1372 5065 retinuerunt
