3359 5725
380 567 652 633 PROOEMIUM
673 565 784 631 EDIT
803 565 907 632 ONIS
934 567 1159 649 QUARTAE.
1309 591 1358 637 vu

177 759 247 800 mos
271 744 348 820 post
366 733 450 799 Phil.
466 734 670 820 Wagnerum
692 734 738 808 (in
756 732 882 819 Vergili
896 733 1105 801 Carminibus
1123 736 1165 800 ad
1185 739 1356 824 pristinam

178 818 450 904 orthographiam
470 819 647 893 revocatis,
668 815 864 901 Heynianae
886 816 962 882 edit.
986 818 1058 884 Vol.
1081 820 1133 898 V.)
1155 820 1197 885 ab
1212 820 1357 908 Hauptio

179 913 210 966 et
233 901 419 966 Ribbeclxio
446 910 596 986 receptos
618 905 667 977 (ut
687 900 785 986 paulo
807 923 844 965 as
869 901 990 966 eriores
1018 903 1140 968 formas
1163 904 1356 970 thensau·

178 1008 258 1065 rus,
279 986 512 1050 formonsus
535 987 609 1064 etc.)
629 1005 664 1047 re
689 995 776 1048 etere
798 922 1031 1059 dubitavimus,
1055 1009 1096 1050 ne
1117 987 1214 1053 nimis
1243 1010 1356 1053 caseus

178 1068 451 1132 nitidissimorum
474 1070 654 1131 carminum
665 1005 803 1131 habitus
817 1066 955 1132 lectores
971 1067 1149 1134 offenderet
1171 1079 1203 1135 et
1223 1072 1356 1137 iuvenes

179 1151 340 1216 bonarum
363 1151 529 1214 literarum
552 1149 713 1214 studiosos
736 1158 968 1216 consternaret.
1010 1152 1261 1218 Distinctionem
1282 1176 1356 1220 con-

178 1245 289 1298 textae
315 1235 472 1298 orationis
499 1232 670 1318 permultis
696 1235 779 1297 inter
805 1233 947 1319 ungendi
970 1236 1072 1319 signis
1096 1235 1227 1315 deletis,
1254 1260 1358 1323 quan·

177 1328 244 1380 tum
258 1316 331 1381 lieri
344 1319 457 1403 potuit,
469 1319 642 1380 minuimus
656 1327 690 1381 et
702 1320 762 1380 sim
782 1256 931 1381 liciorem
946 1317 1159 1384 reddidimus.
1195 1320 1355 1385 Numerus

178 1399 340 1480 locorum,
369 1421 449 1547 quos
477 1410 574 1485 poeta
594 1408 705 1465 noster
726 1340 786 1464 vel
801 1399 842 1464 ab
866 1398 938 1465 aliis
961 1403 1099 1488 scriptos
1120 1405 1192 1488 ipse
1213 1402 1357 1469 imitatus

179 1496 243 1562 est,
280 1483 333 1546 vel
360 1485 432 1546 aiis
459 1482 624 1547 scribendi
657 1482 842 1569 exemplum
877 1485 1028 1569 praeivit,
1059 1485 1241 1573 quibusque
1272 1510 1357 1552 com·

179 1565 339 1651 parandis
370 1588 499 1664 semper
524 1565 658 1630 multum
686 1588 805 1651 operae
834 1569 1042 1649 navavimus,
1076 1591 1117 1632 ex
1145 1568 1237 1653 largo
1265 1569 1357 1636 Wol-

181 1650 263 1714 dem.
286 1647 461 1713 Ribbeckri
485 1670 572 1734 penu
593 1647 689 1713 valde
718 1651 823 1734 potuit
851 1653 979 1734 augeri3
1011 1649 1251 1716 Grammaticos
1279 1676 1356 1718 vero

181 1731 326 1817 singulos
366 1731 507 1817 Vergilii
544 1753 659 1796 versus
698 1732 883 1812 afferentes,
918 1755 1055 1819 quorum
1088 1731 1176 1799 locos
1208 1733 1356 1821 diligenti

179 1839 258 1879 cura
285 1813 418 1900 collegit
444 1816 520 1880 Otto
545 1813 761 1896 Ribbeckius,
792 1825 861 1880 tum
893 1823 1019 1880 tantum
1043 1815 1267 1897 laudavimus,
1298 1820 1356 1882 ubi

178 1898 229 1962 vel
252 1897 350 1962 lectio
374 1897 424 1961 vel
447 1900 672 1983 interpretatio
695 1898 805 1982 aliqua
832 1918 943 1963 eorum
969 1900 1163 1964 auctoritate
1188 1899 1355 1965 fulcienda

179 1996 257 2046 erat.
302 1981 479 2046 Praeterea
505 2003 565 2066 pro
585 1981 797 2066 Argumentis
826 2003 868 2044 cx
890 1981 1064 2067 Heyniana
1092 1981 1234 2047 editione
1264 2007 1356 2071 repe·

180 2067 245 2129 titis
267 2086 354 2128 nunc
375 2085 461 2129 nova
482 2065 553 2164 ipse
570 2065 748 2150 conscripsi
772 2066 852 2128 etin
874 2062 1011 2128 aliorum
1030 2067 1196 2130 sententiis
1219 2067 1355 2132 afferen-

180 2147 246 2230 dis,
269 2147 322 2212 He
346 2147 394 2211 nii
417 2146 622 2212 brevioribus
645 2146 775 2212 scholiis
798 2147 960 2234 exceptis,
988 2148 1092 2233 magis
1115 2149 1229 2229 etiam,
1259 2173 1355 2238 quam

179 2235 210 2294 in
230 2230 307 2295 edit.
323 2170 369 2295 ll.
387 2240 420 2295 et
433 2231 499 2308 llI.‚
523 2228 665 2295 abstinui
682 2231 807 2296 ratione
824 2229 890 2311 illa,
914 2252 1011 2316 quam
1031 2233 1064 2294 in
1083 2232 1190 2317 prima
1212 2232 1355 2297 editione

180 2313 266 2378 baud
289 2335 367 2378 raro
389 2324 518 2377 secutus
542 2334 622 2390 sum,
647 2322 682 2378 ut
699 2311 837 2377 aliorum
861 2311 1126 2379 adnotationibus
1150 2314 1355 2380 adverbum

179 2397 354 2483 descriptis
388 2408 536 2460 auctores
572 2397 662 2494 ipsos
695 2395 862 2483 loquentes
894 2395 1097 2476 inducerem,
1136 2397 1222 2496 quod
1257 2421 1354 2486 quam

179 2480 326 2545 odiosum
346 2480 397 2560 sit,
421 2480 625 2566 experientia
646 2478 779 2544 edoctus
798 2501 886 2562 sum,
930 2501 1104 2566 uamquam
1124 2503 1151 2544 sr
1167 2480 1254 2545 idem
1272 2483 1353 2547 meis

179 2561 444 2628 adnotationibus
477 2563 653 2642 evenisset,
689 2561 724 2626 id
758 2561 836 2625 mihi
871 2584 902 2625 m
938 2572 970 2625 to
1005 2565 1190 2648 exoptatius
1229 2565 1354 2644 fuisset,

180 2669 274 2732 quam
305 2646 392 2732 quod
421 2645 476 2710 alii
504 2644 636 2745 quidam
664 2645 793 2709 nomine
814 2666 886 2710 meo
909 2667 1084 2731 suppresso
1106 2669 1179 2711 mea
1202 2668 1262 2732 pro
1287 2649 1354 2711 suis

179 2727 397 2793 venditarunt.
439 2728 599 2816 Equidem
623 2737 710 2791 certe
730 2729 919 2815 neutiquam
942 2727 1083 2814 probare
1106 2751 1239 2815 possum
1257 2732 1353 2795 ratio·

179 2835 249 2876 nem
275 2810 364 2877 illam
391 2834 476 2877 nunc
501 2812 569 2877 fere
597 2833 658 2875 usu
683 2819 868 2897 receptam,
901 2832 966 2909 qua
992 2810 1132 2877 editores
1160 2814 1268 2879 omnia
1296 2835 1354 2880 suo

179 2896 308 2960 nomine
330 2897 550 2982 pronuntiant,
573 2918 612 2959 ac
636 2897 779 2959 sinemo
802 2893 889 2958 idem
911 2916 977 2959 ram
1000 2906 1096 2959 antea
1118 2895 1273 2975 dixisset,
1297 2896 1355 2961 sed

180 2981 286 3064 potius
320 2981 534 3064 interpretum
567 2979 714 3058 nomina,
749 2979 804 3063 qui
837 3000 956 3042 novam
990 2977 1134 3077 aliquam
1169 2981 1354 3066 opinionem

180 3062 392 3147 protulerunt,
415 3061 535 3147 ubique
551 3060 629 3124 mihi
648 3059 833 3125 adiicienda
849 3082 921 3124 esse
936 3070 1059 3146 putavi,
1082 3063 1143 3125 etsi
1165 3064 1237 3148 ipse
1256 3062 1353 3148 plane

181 3166 248 3209 cum
271 3147 314 3209 iis
335 3143 586 3209 consentiebam.
630 3143 803 3209 Librorum
827 3165 891 3207 non
906 3143 1023 3207 Latino
1041 3166 1188 3209 sermone
1212 3147 1277 3209 scri
1304 3154 1354 3209 to-

180 3250 247 3291 rum
270 3226 381 3292 titulos
403 3237 471 3291 tum
492 3237 617 3292 tantum
632 3226 750 3291 Latine
772 3224 911 3306 reddidi,
934 3224 990 3290 ubi
1011 3226 1072 3291 hoc
1093 3226 1261 3292 commode
1280 3167 1354 3291 heri

203 3320 307 3376 oterat
330 3316 377 3389 (ut
395 3309 501 3374 Iahnii
520 3308 665 3375 Annales
693 3307 782 3395 phil,
807 3307 956 3372 Museum
978 3308 1184 3391 Rhenauum,
1213 3310 1355 3376 Oorssen

181 3332 218 3539 i
250 3400 730 3562 t‘tllttttlfdtt‘ffl
757 3391 1277 3559 mistos
1308 3399 1355 3469 <v

212 3499 341 3541 ueze.
444 3501 507 3540 cr.
549 3526 602 3542 ..
671 3499 802 3540 rnn.-.
917 3498 1064 3539 cr...
1157 3499 1217 3539 εττ.
1283 3501 1343 3542 ma.

180 3560 267 3625 Neue
286 3558 517 3643 Fomnerslelsre,
535 3561 651 3644 Henry
667 3557 785 3622 Twelve
799 3524 898 3642 ¹bears
912 3581 1028 3655 voyage
1046 3564 1129 3640 etc),
1145 3559 1232 3645 quod
1246 3502 1354 3634 njemo:

181 3653 266 3728 puto,
287 3642 498 3729 improbabit.
540 3643 691 3729 Denique
712 3640 859 3705 Iudicem
881 3640 1024 3705 melioris
1043 3664 1121 3707 cons
1146 3653 1235 3707 ectus
1256 3665 1355 3707 causa

180 3730 209 3789 in
239 3736 381 3810 quatuor
411 3737 522 3812 partes
552 3727 650 3790 divisi
679 3732 711 3788 et
736 3723 832 3788 valde
860 3721 1065 3810 locupletavi.
1141 3726 1169 3789 is
1198 3726 1354 3811 expositis

181 3831 370 3873 asseverare
404 3831 553 3895 possum,
583 3807 704 3872 nullam
735 3808 803 3871 ἵετε
832 3806 926 3870 huius
953 3829 1058 3872 novae
1087 3808 1236 3873 editionis
1265 3811 1355 3894 pagi-

180 3915 252 3956 nam
276 3894 346 3956 sine
368 3889 477 3955 multis
501 3889 755 3957 correctionibus
785 3899 817 3953 et
839 3889 1068 3955 additamentis
1090 3892 1267 3972 mansisse,
1290 3913 1354 3976 quo

180 3975 299 4039 sactum
327 3984 392 4049 est,
421 3983 456 4037 ut
486 3973 627 4040 ambitus
658 3977 726 4038 eius
756 3974 886 4038 circiter
914 3971 999 4038 CCL
1028 3976 1158 4121 paginis
1186 3983 1355 4038 cresceret.

182 4057 276 4138 Quod
306 4069 416 4122 autem
445 4056 485 4121 de
511 4058 609 4123 rebus
638 4056 832 4145 quibusdam
865 4054 1003 4120 diversis
1049 4058 1116 4122 ocis
1150 4055 1201 4121 bis
1233 4056 1355 4121 dictum

182 4151 243 4223 cst,
272 4140 361 4227 quod
393 4140 533 4205 indicem
562 4148 745 4205 retractans
774 4137 937 4219 intellexi,
963 4137 998 4202 id
1024 4137 1161 4204 lectores
1185 4140 1252 4203 seni
1274 4137 1355 4204 obli·

181 4226 268 4289 vioso
303 4223 461 4289 benevole
496 4223 681 4289 condonare
710 4233 742 4288 ct
769 4222 906 4287 alterum
935 4220 1040 4286 locum
1071 4244 1113 4286 ex
1146 4222 1247 4287 altero
1281 4246 1354 4309 sup-

201 4306 267 4372 lere
295 4305 406 4372 velint.
450 4305 516 4372 Sed
544 4342 583 4354 -·
611 4306 755 4388 „habent
783 4327 843 4369 sua
869 4305 938 4369 fata
966 4303 1097 4387 libelli“,
1129 4314 1226 4392 atque
1255 4306 1354 4370 etiam

181 4328 257 4455 iaec
293 4412 383 4455 nova
417 4388 516 4455 editio
546 4391 749 4476 iniquitatem
783 4399 966 4474 temporum
1001 4397 1138 4474 experta
1170 4397 1228 4453 est.
1272 4388 1354 4454 Cum

183 4476 262 4538 enim
278 4473 521 4540 Commentario
542 4495 613 4538 meo
635 4474 812 4537 maximam
829 4480 954 4557 partem
976 4472 1042 4535 iam
1064 4483 1139 4536 ante
1160 4470 1279 4536 bellum
1298 4495 1353 4535 no·

183 4558 350 4621 vissimum
374 4557 553 4643 composito
577 4566 608 4620 et
629 4556 726 4620 tertia
747 4557 814 4618 fere
854 4564 924 4618 arte
937 4552 1009 4619 Vol.
1031 4554 1165 4619 secundi
1181 4556 1268 4641 typis
1289 4556 1354 4617 iam

183 4642 346 4727 exscripta
360 4637 480 4703 bellum
496 4648 644 4704 exortum
660 4661 776 4725 operas
792 4661 812 4702 a
852 4637 999 4702 militiam
1021 4648 1174 4703 avocaret
1190 4635 1354 4721 multaque

183 4723 271 4867 prela
291 4722 538 4808 typographica
558 4724 709 4786 insistere
731 4730 877 4806 cogeret,
900 4742 939 4785 ea
960 4719 1130 4787 calamitas
1159 4721 1257 4785 etiam
1284 4742 1353 4785 meo

195 4828 205 4868 1

206 4803 263 4870 bro
286 4804 398 4871 fraudi
418 4805 489 4879 fuit,
513 4807 632 4892 inquo
655 4808 743 4891 typis
766 4802 983 4869 exscribendo
1005 4804 1135 4869 demum
1157 4801 1241 4867 bello
1264 4803 1353 4868 linito
1458 4872 1459 4877 ,

184 4899 212 4951 et
238 4891 386 4954 exercitu
414 4909 546 4985 reverso
577 4910 691 4953 rursus
721 4889 813 4974 pergi
836 4896 973 4985 poterat,
994 4888 1041 4985 ita
1062 4896 1097 4951 ut
1118 4888 1202 4949 inter
1231 4887 1353 4972 primas

184 4980 212 5034 et
237 4972 372 5037 ultimas
402 4993 470 5035 ems
499 4970 649 5057 plagulas
686 4970 728 5035 ab
757 4992 865 5057 operia
898 4969 1078 5056 descrrptas
1111 4989 1169 5033 sex
1196 4991 1353 5035 annorum
