3359 5725
324 591 386 653 254
674 584 713 648 Ρ.
733 579 920 648 VERGILI
940 579 1139 646 MARONIS

325 750 572 836 Verborumque
593 747 706 813 fides.“
748 746 873 813 Contra
894 768 989 833 quem
1011 745 1090 810 talia
1112 746 1201 811 fatur

324 833 507 920 Euryalus:
529 831 604 914 „Me
623 830 713 896 nulla
734 829 804 895 dies
825 840 893 895 tem
914 827 1051 894 fortibus
1073 830 1162 893 ausis

324 916 525 982 Dissimilem
548 915 707 1001 arguerit3
727 923 852 978 tentum
875 914 1008 977 fortuna
1029 911 1174 976 secunda

325 1000 423 1065 Haud
446 1000 585 1064 adversa
606 998 712 1062 99699.
756 996 821 1061 Sed
844 1005 876 1059 te
897 997 1124 1081 superomnia
1147 994 1234 1059 dona

325 1082 433 1148 Unum
456 1104 528 1148 oro:
549 1083 700 1166 genetrix
720 1078 845 1143 Priami
867 1078 907 1143 de
929 1088 1026 1163 gente
1047 1087 1176 1142 vetusta

324 1166 386 1230 Est
407 1165 495 1244 mihi,
516 1186 613 1252 quam
635 1166 788 1228 miseram
811 1164 916 1227 tenuit
937 1183 1001 1227 non
1022 1160 1085 1225 llis
1105 1161 1201 1225 tellus
1444 1172 1493 1222 285

324 1417 384 1468 and
393 1416 505 1468 words“
534 1413 668 1468 stlocum
686 1413 726 1468 sic
743 1412 952 1482 interpretatur:
981 1411 1033 1466 tibi
1049 1425 1172 1466 maxume
1193 1408 1301 1463 credam
1319 1411 1348 1463 et
1365 1408 1439 1463 iectu
1468 1410 1495 1462 et

324 1484 414 1546 verbs)
432 1483 461 1536 et
476 1483 568 1552 gravis
584 1481 643 1536 loco
659 1481 727 1535 insit
747 1479 882 1551 99969919,
912 1495 981 1560 quse
998 1479 1077 1548 plane
1094 1478 1209 1532 tolletur
1226 1477 1316 1532 verbis
1331 1492 1381 1529 seu
1391 1493 1495 1556 pacem

322 1566 371 1602 seu
387 1550 460 1604 bella
475 1566 570 1619 qcram
588 1550 623 1604 sd
640 1549 828 1604 antecedentis
845 1547 948 1615 relatis,
966 1546 1089 1615 equidem
1108 1562 1169 1600 cmn
1185 1545 1281 1614 Wugn.
1301 1542 1401 1612 Heynir
1413 1545 1494 1598 rstio

323 1634 383 1671 nem
402 1618 561 1672 serrandum
579 1618 680 1681 censui,
711 1616 842 1672 Semicolo
860 1620 961 1676 temen,
991 1613 1061 1682 quod
1084 1613 1130 1668 ille
1146 1615 1209 1681 post
1224 1628 1320 1681 peram
1337 1612 1437 1682 posuit,
1467 1612 1495 1664 in

322 1685 434 1739 Comme
459 1689 573 1740 mutato.
614 1685 658 1741 cf.
677 1684 764 1738 locis
783 1684 813 1737 W
870 1682 988 1736 ‚colluti
1005 1682 1061 1736 lici.
1081 1682 1156 1744 VIII,
1175 1684 1191 1733 6
1209 1696 1249 1748 sq.
1267 1679 1300 1744 X,
1319 1684 1352 1733 37
1371 1696 1411 1749 sq.
1431 1679 1494 1735 eso.

322 1753 373 1821 111,
392 1758 424 1808 49
442 1769 482 1821 sq.
500 1754 547 1816 lv,
567 1756 608 1816 25,
627 1757 659 1807 33
678 1768 718 1821 sq.
737 1699 912 1815 6991111669
930 1766 971 1819 sq.
990 1748 1051 1816 VII,
1070 1753 1127 1802 199.
1146 1749 1194 1809 XI,
1207 1752 1257 1827 443
1270 1762 1309 1816 sq.
1327 1747 1389 1800 Non
1403 1751 1494 1801 999999

322 1820 496 1885 reticendum,
526 1820 609 1874 etism
635 1819 711 1874 lehn.
731 1818 759 1872 in
778 1818 865 1873 slters
880 1817 945 1872 edit.
966 1817 1015 1871 hoc
1033 1817 1100 1871 bene
1119 1831 1293 1886 perspexisse,
1310 1815 1351 1868 its
1368 1818 1401 1869 ut
1431 1819 1494 1881 (uon

322 1888 419 1951 miuus,
451 1904 533 1956 quum
559 1902 651 1941 omnes
678 1887 839 1956 posteriores
868 1885 985 1939 editores
1013 1887 1120 1953 prseter
1139 1885 1279 1952 Bryceum,
1297 1883 1381 1936 etism
1401 1883 1493 1963 ngn.

322 1957 380 2022 ipse
407 1955 436 2008 in
465 1955 529 2008 min.
561 1954 640 2022 edit.)
668 1955 696 2007 in
726 1953 916 2022 distinguendo
945 1952 996 2005 hoc
1021 1953 1078 2006 loco
1107 1968 1149 2005 mc
1173 1952 1336 2021 sequeretur.
1357 1979 1390 1988 -
1410 1951 1496 2017 „essi

321 2024 466 2075 maxima
482 2039 595 2076 rerum
610 2024 850 2090 verborumque
866 2021 960 2086 sides
976 2019 1037 2082 erit,
1055 2019 1207 2085 habebitur,
1233 2018 1314 2072 rebus
1344 2019 1373 2071 99
1402 2019 1494 2072 verbis

322 2090 374 2142 tibi
392 2089 605 2154 committendis;
622 2089 649 2142 h.
667 2106 688 2144 e.
708 2093 797 2144 tecum
816 2087 907 2142 omnis
924 2087 1039 2141 consilis
1056 2103 1117 2141 mes
1136 2089 1165 2141 99
1184 2085 1317 2155 gerendus
1346 2100 1390 2139 res
1420 2101 1493 2139 com·

323 2157 473 2210 municebo.
510 2157 554 2224 [Et
572 2174 618 2209 res
652 2157 741 2210 uidem
758 2157 793 2211 ud
811 2156 912 2210 bellum
930 2154 1085 2224 gerendum,
1102 2156 1186 2209 verba
1202 2155 1294 2208 sutem
1311 2150 1346 2206 96
1363 2152 1494 2207 delibere-

322 2223 424 2277 tioncm
453 2224 558 2277 consilii
579 2174 682 2304 publci
698 2229 828 2293 spectare,
847 2223 876 2276 in
891 2227 1019 2302 promptu
1037 2224 1104 2342 est}
1126 2220 1305 2302 Quodcunque
1332 2224 1425 2301 sutem
1454 2221 1494 2275 rel

322 2289 1047 2362 9999116999669999919999999669991999999,
1075 2306 1085 2342 1
1122 2305 1230 2343 ommno
1253 2291 1329 2356 fides
1357 2288 1492 2356 designet.

323 2358 384 2412 Vid.
402 2374 485 2427 suprs
501 2359 535 2413 sd
554 2375 578 2414 v.
598 2363 676 2415 260ss
698 2361 787 2440 Heps.
806 2391 840 2399 —
856 2356 924 2419 280.
944 2358 1068 2411 Contra
1087 2375 1183 2438 quem
1200 2357 1288 2410 talia
1304 2358 1403 2419 satur
1435 2357 1452 2410 i
1471 2371 1492 2411 e.

322 2426 365 2479 cui
383 2426 421 2479 sic
438 2427 590 2496 respondet,
611 2443 678 2484 non:
706 2444 750 2481 cur
767 2427 833 2481 hsce
852 2425 969 2496 opponit.
1004 2425 1047 2479 Oi.
1066 2428 1149 2479 etism
1167 2424 1213 2491 VI,
1235 2427 1292 2478 398.
1311 2455 1344 2465 -
1362 2397 1418 2484 281
1437 2440 1492 2493 sqq.

322 2493 380 2561 Ego
399 2509 460 2549 vero
479 2495 643 2557 sllsborsbo,
662 2498 695 2549 ut
713 2495 775 2549 huic
792 2494 859 2549 forti
875 2495 949 2548 fecto
966 2494 1026 2546 tots
1043 2493 1101 2546 9199
1117 2494 1154 2545 919
1171 2492 1381 2546 99999999999.“
1404 2491 1493 2560 Hsys.

321 2589 354 2600 —
373 2569 438 2614 ram
453 2564 545 2628 sorti
552 2566 610 2617 699
625 2564 719 2617 ansis
735 2562 959 2625 Dissimilem,
981 2561 1044 2628 post
1061 2575 1104 2613 res
1120 2562 1179 2614 tem
1196 2559 1303 2614 fortiter
1320 2562 1349 2612 et
1365 2559 1494 2613 endecter

342 2631 415 2683 99999
441 2630 569 2685 tImidnm
586 2633 615 2685 et
635 2632 770 2700 ignarum.
808 2631 878 2683 Tam
899 2628 1022 2693 fortibus
1038 2628 1114 2682 99999
1130 2627 1246 2696 legimus
1264 2627 1348 2681 etium
1365 2628 1394 2680 in
1411 2627 1493 2680 Antii.

322 2644 615 2763 199.Ι,176,57.-
631 2699 803 2767 aequeris,
821 2697 839 2753 i
860 2712 882 2751 9.
900 2711 954 2749 999
972 2711 1051 2776 spero
1080 2695 1138 2749 fore
1155 2703 1189 2763 (s.
1218 2711 1272 2749 non
1302 2695 1492 2774 committsm),

323 2766 355 2816 ut
373 2767 478 2844 urgunt.
513 2765 646 2819 Futurum
665 2767 736 2820 enim
754 2766 878 2819 exectum
895 2763 931 2817 96
948 2764 1098 2833 opinionem
1116 2765 1144 2817 et
1162 2762 1330 2832 propositum
1358 2762 1494 2831 loquentis

323 2830 418 2886 referri
435 2831 514 2887 docet
530 2833 562 2887 W
600 2849 635 2898 9.,
654 2834 712 2888 coll.
731 2833 802 2887 infru
819 2831 882 2893 XII,
900 2832 958 2886 316.
987 2830 1034 2885 ubi
1051 2830 1104 2885 vid.
1123 2830 1241 2897 sdnott.)
1269 2832 1297 2885 et
1314 2828 1491 2884 Lindemann.

323 2899 460 2954 chlsut.
479 2900 560 2970 Cspt.
593 2902 615 2967 1,
634 2906 658 2964 ²,
677 2905 718 2955 64.
752 2901 899 2954 Asseverst
914 2898 1000 2968 igitur
1018 2898 1160 2968 Euryalus,
1181 2914 1251 2969 quse
1268 2900 1325 2952 iore
1343 2899 1493 2967 persuasis·

322 2968 421 3021 simum
438 2967 536 3032 hsbet;
553 2985 633 3038 quem
652 2969 706 3022 vim
718 2969 805 3022 inesse
816 2968 922 3021 Futuro
935 2968 1040 3030 cuncto,
1060 2983 1115 3021 rem
1136 2969 1256 3020 futurum
1268 2966 1308 3020 its
1320 2966 1493 3035 significanti,

322 3050 354 3088 99
380 3036 403 3088 si
431 3035 486 3090 ism
508 3036 582 3091 19999
599 3040 679 3104 esset,
701 3037 756 3091 ism
773 3035 838 3089 elibi
856 3034 980 3088 vidimus.
1016 3033 1058 3088 ci.
1077 3034 1288 3099 9699999611,
1307 3038 1349 3087 77.
1367 3035 1494 3101 etsuprs

321 3102 356 3156 96
373 3119 400 3155 9.
421 3106 475 3157 154.
506 3105 660 3174 Conington
672 3104 775 3159 confert·
786 3102 886 3158 (intuli,
904 3102 980 3156 LXII
999 3102 1115 3170 (LXIV),
1133 3101 1341 3166 3990999199,
1355 3103 1494 3180 perfidiae

321 3173 399 3240 quod
410 3180 478 3241 pest
492 3172 573 3227 nullo
591 3180 688 3242 999999
703 3179 788 3227 aetas
806 3201 840 3211 —
856 3167 921 3230 282.
940 3170 1024 3239 Heyn.
1043 3173 1133 3240 (quem
1151 3171 1248 3238 Wagn.
1267 3169 1295 3223 in
1314 3185 1415 3223 murore
1428 3168 1491 3224 edit.

321 3242 429 3292 secutus
451 3239 511 3360 ost}
532 3240 605 3295 hunc
634 3241 721 3295 locum
753 3240 792 3293 sic
821 3238 978 3293 constituit:
1000 3268 1013 3280 ·
1031 3267 1044 3280 ·
1073 3238 1287 3292 Dissimilem
1320 3238 1492 3304 assuerim·

321 3314 464 3376 9991999,
514 3307 874 3363 ortunasecundadut
892 3308 1167 3374 adversacadai;
1185 3304 1220 3359 96
1234 3311 1339 3357 tuntum
1351 3305 1491 3373 supplens:

321 3373 355 3425 ds
372 3390 414 3452 me
426 3374 546 3442 polliceri
558 3375 652 3438 99699,
673 3374 730 3428 scil.
744 3388 917 3444 quoscunque
928 3373 1038 3427 fortuna
1049 3374 1114 3438 erit;
1133 3388 1202 3442 quse
1213 3372 1283 3426 rstio
1295 3371 1363 3425 mihi
1375 3373 1492 3426 omnium

321 3442 430 3494 minime
439 3443 576 3509 probetur,
590 3458 651 3496 eum
661 3444 700 3496 sic
711 3442 863 3495 necessario
872 3441 1043 3495 scribendum
1052 3441 1162 3496 fuisset:
1175 3442 1294 3506 formos
1304 3440 1363 3494 sive
1372 3441 1492 3493 9999969

320 3509 377 3560 sive
393 3510 512 3562 9999999
528 3512 619 3563 caelet.
655 3508 726 3576 (Vid.
743 3512 835 3562 tumen
853 3507 890 3571 11,
909 3512 967 3562 699.
986 3511 1014 3562 99
1031 3509 1079 3576 IX,
1097 3510 1166 3575 636.)
1183 3508 1269 3561 Immo
1288 3507 1312 3561 si
1330 3506 1397 3561 hsec
1415 3506 1491 3560 lectio

322 3575 461 3629 retinendo
477 3577 521 3638 sit,
539 3577 651 3645 iungam
669 3575 760 3645 potius
777 3575 937 3628 dissimilem
953 3583 1065 3643 9999999,
1084 3577 1103 3630 i.
1122 3593 1145 3631 e.
1163 3579 1229 3638 tum,
1246 3574 1313 3629 adeo
1324 3574 1489 3633 dIssimilem

322 3643 377 3696 scil.
396 3646 429 3695 ut
445 3642 497 3696 tibi
513 3660 566 3698 non
587 3643 661 3697 omni
678 3648 799 3712 ternpore
816 3658 900 3711 neque
935 3645 1021 3702 rober.
1057 3644 1110 3701 Sed
1127 3660 1189 3698 cum
1206 3642 1271 3697 (lod.
1288 3642 1384 3697 Medic.
1405 3643 1490 3696 locum

321 3710 360 3763 sic
377 3710 514 3766 exhibent:
532 3712 657 3833 99ςῖἰὰ
672 3718 778 3764 tantum
793 3712 819 3776 f.
838 3727 890 3763 see.
941 3720 991 3765 out
1007 3714 1229 3774 admiscuisti,
1247 3715 1276 3765 99
1288 3708 1401 3765 19991991
1414 3709 1491 3763 Harii

321 3795 342 3857 s.
363 3778 453 3832 Hasd
468 3779 552 3833 etiam
622 3819 638 3846 .,
656 3778 733 3832 Rom.
751 3779 808 3848 (qui
825 3774 922 3848 stipsi
939 3786 1043 3834 tamtum
1061 3797 1122 3835 cum
1139 3779 1312 3858 sequentilsus
1329 3778 1490 3858 verbiscon·

321 3846 1490 3986 999899999999999199·.9.ῑ·.9ῗ99.9.199919

321 3981 401 4035 modo
419 3998 453 4037 ue
473 3985 591 4051 fortune,
611 3998 680 4053 quse
697 3998 768 4037 nunc
786 3982 905 4036 secunde
922 3986 977 4048 est,
995 3985 1045 4038 fist
1063 3984 1189 4047 adversm
1207 3981 1275 4035 illud
1292 3984 1402 4035 tentum
1419 3983 1490 4049 opto,

321 4066 354 4103 ns
374 4051 499 4106 iortunse
516 4068 588 4108 nnnc
607 4051 739 4107 secundus
756 4049 874 4104 mutatio
893 4050 921 4104 in
942 4051 1083 4107 adversam
1101 4050 1214 4106 accidat.
1233 4050 1269 4103 Et
1285 4049 1324 4103 sic
1342 4050 1396 4103 ism
1416 4049 1490 4117 sym·

320 4118 432 4172 mechus
465 4120 554 4175 locum
584 4119 727 4187 intellexit,
777 4119 806 4172 ni
830 4116 919 4186 Epist.
938 4119 960 4183 I,
979 4122 1019 4173 28.
1039 4120 1104 4174 hsoc
1121 4117 1242 4187 scripsit:
1278 4116 1338 4170 Nec
1366 4131 1490 4186 umquem

321 4186 482 4241 dissimilem
499 4189 612 4259 seriptis
629 4188 732 4242 talibus
770 4188 807 4240 ies
824 4187 959 4253 creuerit:
986 4190 1070 4242 modo
1084 4188 1206 4256 scrinea
1223 4185 1353 4249 munifica
1369 4193 1490 4255 postero·

319 4271 381 4306 9999
396 4256 524 4308 secundet
542 4263 647 4326 optata.
677 4255 763 4310 Nemo
780 4252 862 4320 enim,
879 4256 953 4322 puto,
971 4254 1060 4309 locum
1078 4255 1117 4309 sic
1130 4252 1275 4321 intelliget,
1293 4255 1334 4315 nt,
1353 4252 1489 4307 commas

320 4323 383 4389 post
400 4323 522 4375 9999969
539 4323 637 4389 posito,
655 4322 722 4376 hsce
734 4322 785 4376 sibi
799 4325 982 4390 opponuntur:
1000 4330 1106 4377 9999999
1121 4322 1250 4376 Formm
1260 4322 1382 4374 smmdu
1399 4322 1489 4378 cudat

321 4389 411 4468 Hqud
425 4391 561 4458 9699999,
584 4390 655 4460 quod
672 4390 791 4443 iciunum
808 4404 876 4455 esse,
906 4390 947 4444 He
984 4390 1009 4444 io
1036 4390 1116 4444 iscile
1144 4389 1254 4459 largior.
1283 4388 1372 4469 (Hunc
1401 4390 1489 4442 sutem

320 4458 453 4511 rationem
471 4459 593 4510 nostrum
610 4473 662 4510 non
681 4456 760 4510 modo
779 4454 879 4525 Sipllio
906 4473 920 4511 s
971 4458 1053 4512 etism
1070 4458 1124 4525 ipsi
1136 4457 1271 4526 Wagnero
1289 4471 1317 4509 m
1335 4456 1401 4509 edit
1418 4455 1489 4515 min,

320 4524 439 4594 Hsuptio
465 4523 572 4578 Lsdewi
594 4496 1161 4595 ’96991999ουί998999199999699999
1188 4522 1275 4586 rideo,
1304 4522 1368 4578 dum
1389 4522 1489 4584 Gossr,

320 4540 601 4661 Β999991111191991.ι
621 4592 789 4661 Heanansm
808 4591 1009 4648 distinctionem
1032 4595 1060 4647 et
1077 4592 1281 4662 explicationem
1299 4606 1360 4644 cunr
1379 4590 1490 4669 lectione

321 4661 379 4713 Ant
395 4661 584 4724 retinuerunt.)
618 4659 722 4713 Peerlk.
741 4661 798 4715 loco
816 4660 971 4716 coniectura
988 4660 1196 4714 succurrendum
1215 4674 1274 4713 esse
1290 4661 1393 4728 putens
1410 4657 1490 4712 scribi

320 4728 394 4781 vult:
411 4758 424 4769 ·
441 4760 451 4771 -
469 4727 642 4782 Dissimilem
658 4728 782 4796 arquerit
798 4745 935 4797 unqrsom5
962 4728 1091 4781 Fortuna
1107 4731 1158 4782 etc.
1193 4727 1320 4780 Ceterum
1336 4741 1363 4779 r.
1380 4730 1439 4780 281.
1464 4725 1491 4776 ct

320 4797 381 4849 281.
414 4796 568 4852 Priscianus
598 4794 693 4850 199699
710 4795 743 4860 Χ,
762 4798 786 4859 2,
808 4799 849 4850 16.
865 4812 892 4866 p.
911 4799 970 4851 881.
989 4796 1019 4850 P.
1036 4825 1070 4835 —
1086 4792 1153 4856 288.
1181 4794 1288 4849 cadat.
1314 4793 1357 4850 Gi.
1376 4793 1413 4856 Il,
1432 4795 1489 4845 769.

322 4861 382 4923 Quo
398 4880 443 4918 res
462 4883 521 4919 cnm
540 4880 575 4918 99
595 4866 700 4919 cadent.
718 4892 751 4902 —
768 4879 869 4933 super
887 4864 1004 4918 omniu.
1024 4861 1085 4916 Vid.
1108 4863 1142 4916 96
1160 4862 1223 4917 Geo.
1244 4861 1281 4928 11,
1299 4864 1359 4916 373.
1380 4864 1409 4915 99
1426 4862 1490 4913 Aen.

320 4929 381 4995 Vll,
402 4935 460 4987 461.
491 4882 566 4995 vill,
590 4936 647 5012 363.
667 4927 785 4992 -284.
819 4932 922 4985 Unum
949 4947 1018 4994 oro,
1047 4930 1143 4996 utVI,
1163 4934 1221 4984 166.
1240 4959 1272 4968 -
1291 4927 1424 4982 Priami
1452 4928 1491 5007 de

320 5003 416 5070 pente
446 5007 586 5056 setosis.
617 4998 711 5070 89911,
729 5002 786 5054 388.
805 4999 907 5055 Rhodi
922 5001 958 5055 de
977 5004 1054 5070 pente
1069 5004 1181 5054 9999919.
1200 5026 1234 5038 -
1250 4994 1490 5059 2899991199
