3359 5725
531 566 759 634 AENEIDOS
781 567 866 635 LIB.
890 568 933 632 X.
1267 574 1329 636 357

147 736 188 800 In
211 733 476 799 manibusMars
498 735 571 819 ipae
592 733 681 798 viris.
724 733 819 800 Nunc
843 735 992 820 coniugis
1014 745 1083 799 esto
1279 747 1328 799 280

149 819 300 904 Quisque
322 839 400 881 suae
422 818 497 882 teeti
523 840 563 881 ue
585 838 717 899 memor,
748 840 833 882 nunc
853 840 973 903 magna
994 818 1112 882 referte

149 903 268 982 Facta,
291 910 422 986 patrum
443 839 566 965 laudes.
610 898 705 964 Ultro
728 921 937 967 occurramus
961 899 1003 965 ad
1025 899 1155 982 undam,

149 1085 361 1100 ’.ι-α*

148 1199 223 1266 XVI,
247 1200 296 1251 207
320 1213 358 1266 sq.
384 1226 416 1235 -
440 1195 750 1265 „perfringere
778 1213 861 1266 greve
889 1199 1013 1264 verbum,
1044 1215 1166 1279 pugnare
1195 1198 1329 1262 cominus,

152 1284 214 1321 curn
234 1265 323 1320 adhuc
341 1265 430 1318 castra
448 1267 656 1332 oppugnassent.
691 1264 799 1319 Dictum
818 1269 863 1319 ut:
883 1268 969 1320 ccccm
1016 1269 1178 1335 ersrmperu,
1208 1281 1330 1334 perrum-

148 1338 243 1406 pere.“
290 1332 386 1411 Hcpn3
426 1330 501 1386 lahn.
532 1334 677 1393 memorat,
710 1333 886 1401 perfringere
912 1334 956 1388 hic
984 1285 1108 1388 saisselute
1137 1333 1239 1387 dictum
1272 1349 1329 1387 esse

148 1418 211 1481 pro:
244 1416 300 1455 rem
345 1401 434 1478 enrtus
463 1398 596 1478 frangere,
626 1415 683 1453 rem
713 1401 849 1455 conticere.
884 1401 936 1456 Sed
967 1401 1061 1471 quidni
1090 1401 1197 1470 proprie
1227 1399 1329 1454 dietum

148 1416 465 1591 carta.
479 1465 674 1588 arene
693 1483 708 1519 ⁰
728 1469 845 1601 ‘ece
864 1468 1219 1590 eureus
1238 1467 1331 1596 de

149 1605 221 1659 cotis
250 1602 376 1673 offredum,
406 1603 492 1656 adesa
516 1600 664 1655 —Marc
692 1575 775 1682 episc,
807 1575 894 1673 qualis
912 1553 1086 1673 'quaritusque
1109 1604 1160 1664 est,
1184 1604 1245 1667 (der
1262 1602 1328 1655 leib-

148 1672 257 1740 tatic'pc
276 1669 366 1736 Mare,
396 1670 428 1721 ut
445 1669 521 1724 Iahn.
550 1667 665 1735 reddit),
695 1688 730 1722 cn
746 1670 909 1734 manibus,
943 1670 1000 1724 scil.
1023 1670 1099 1724 vobis
1117 1672 1168 1736 est,
1193 1670 1234 1723 ita
1251 1685 1328 1738 prae-

149 1755 221 1803 sens,
240 1739 273 1791 ut
289 1737 415 1790 manibus
433 1736 511 1806 quasi
528 1735 642 1790 tractari
654 1736 756 1805 possit;
774 1736 790 1791 i.
806 1755 829 1792 a.
848 1741 928 1792 antea
947 1739 1051 1793 emInus
1069 1739 1161 1791 castra
1172 1752 1329 1806 oppugnan-

149 1810 192 1862 tes
210 1805 300 1874 magis
318 1820 438 1873 pugnare
457 1804 600 1870 tentastis,
631 1820 711 1873 quam
742 1820 803 1859 rere
834 1806 988 1874 pugnastis,
1019 1807 1074 1859 iam
1102 1806 1190 1858 iustae
1207 1807 1236 1857 et
1252 1820 1330 1858 verae

149 1889 258 1996 {Inguae
285 1872 363 1952 copia
381 1871 455 1925 robis
485 1871 578 1951 datur,
608 1888 670 1925 cum
688 1888 783 1951 manus
814 1888 951 1953 conserere
971 1874 1088 1952 possitis.
1125 1871 1165 1925 Oi,
1191 1871 1245 1924 Cic.
1264 1872 1328 1925 Re.

150 1938 752 2086 31'133i2a'ensdalil(ielillTniiilueil’trqugiloridin
766 1958 800 2061 li
813 1941 1174 2076 &diffiipriiinqelierffiil
1188 1940 1330 2059 adegiliuni

151 2078 202 2143 lll,
225 2079 282 2129 16³.
300 2073 414 2136 Peerlk,
451 2075 479 2127 ui
496 2074 576 2128 ahter
592 2073 673 2127 Pron.
690 2091 749 2159 spec
767 2077 883 2129 otiosum
902 2078 929 2129 ct
947 2076 1003 2129 sine
1022 2075 1078 2128 ulla
1095 2075 1122 2128 ri
1134 2073 1252 2193 positum
1271 2089 1329 2127 cen·

149 2146 200 2207 set,
219 2142 281 2197 coll
299 2142 378 2196 Hom.
398 2141 430 2194 ll.
474 2141 520 2203 VI,
538 2144 595 2194 630.
627 2141 657 2194 dr
674 2160 729 2211 γαρ
755 2145 838 2211 χερσὶ
869 2146 947 2201 τέλος
971 2147 1106 2214 πολέμου,
1145 2157 1221 2195 ocum
1259 2141 1330 2193 otius

149 2213 188 2264 sic
207 2200 418 2278 interpretatur‘:
450 2209 617 2275 „Habemus,
648 2209 717 2277 quod
736 2209 838 2263 dudum
869 2210 1030 2278 optavimus.
1065 2211 1154 2263 Datus
1175 2211 1217 2262 est
1234 2158 1330 2274 iestis,

151 2278 217 2333 data
236 2292 339 2346 pugna.
375 2275 502 2337 Eventus,
521 2276 594 2330 Mars
612 2276 683 2344 ipse,
715 2276 848 2330 secundus
871 2293 905 2330 an
922 2277 1066 2342 adversus,
1093 2279 1135 2331 est
1159 2275 1330 2328 inmanibus

150 2345 261 2405 nostris,
282 2342 382 2413 pendet
399 2349 520 2397 anostra
538 2343 665 2397 virtute.“
700 2344 736 2396 Et
753 2360 817 2398 sane
831 2346 943 2398 eventus
960 2360 1066 2411 pugnae
1085 2344 1112 2397 in
1125 2344 1219 2411 aperto
1236 2358 1330 2411 eampo

150 2411 365 2467 committendae
384 2411 569 2479 multomagis
587 2411 614 2463 in
627 2410 750 2464 manibus
768 2429 789 2465 s.
809 2413 910 2465 virtute
924 2411 1103 2479 pugnantium
1117 2409 1231 2478 positus,
1249 2426 1329 2477 quarn

149 2479 247 2601 Kroelii
266 2480 370 2532 cunnus
388 2493 419 2531 ex
431 2478 545 2531 navibus
557 2478 600 2531 vel
613 2478 733 2531 castellis
746 2479 908 2547 oppugnatis
921 2478 1039 2546 gerendi.
1075 2478 1199 2530 Ceterum
1214 2476 1330 2544 respexit

169 2563 222 2600 nnc
240 2547 330 2600 locum
349 2545 430 2600 Silius
448 2546 510 2606 XII,
533 2549 587 2599 196.
625 2545 744 2614 Compita
764 2553 789 2598 ct
818 2564 898 2598 araca
921 2547 960 2597 Et
976 2545 1060 2598 Mars
1089 2545 1119 2596 ia
1146 2543 1278 2595 munitm.
1297 2572 1329 2580 —

147 2612 215 2675 280.
236 2613 289 2667 Pro
307 2613 434 2666 Vocatiro
451 2613 516 2676 viri,
554 2628 614 2665 uem
627 2612 703 2681 prius
722 2613 832 2680 probavi
851 2616 932 2680 atque
944 2613 1091 2666 etiamnum
1104 2611 1220 2680 probant
1233 2610 1266 2661 W
1303 2627 1328 2663 ιι.

148 2686 178 2736 et
197 2680 314 2743 Laden,
333 2696 404 2734 nunc
422 2697 482 2759 cum
494 2629 638 2759 Ritllreokic
659 2680 716 2748 (qui
734 2680 791 2733 ciri
804 2679 833 2733 in
851 2696 904 2733 unc
922 2682 1029 2734 tantum
1041 2680 1117 2733 Rom.
1135 2625 1329 2756 invenitpfdo-

147 2746 1330 2885 wiriciaiiiiiirtitisiii.2⁰2iiiiiiteiiiiiimviiiiiiidiissiii

147 2887 176 2939 in
195 2884 333 2950 manibus,
349 2883 378 2936 in
398 2885 533 2951 potestate
552 2899 601 2937 sua
618 2883 727 2947 habent,
748 2886 779 2937 ut
798 2884 852 2937 iarn
870 2883 975 2937 Peerlk.
993 2883 1081 2937 locum
1098 2880 1241 2936 intellexit.
1279 2879 1330 2932 Oo-

147 2953 194 3007 nin
247 2969 264 3005 n
289 2954 396 3019 praeter
414 2952 491 3005 Hom.
519 2950 539 3004 l.
558 2950 611 3004 'am
629 2950 647 3004 i.
676 2951 758 3003 etiam
776 2950 807 3004 11.
826 2951 883 3013 XV,
904 2955 961 3006 741.
980 2950 1087 3012 (Aesch.
1107 2948 1201 3066 suppl.
1222 2950 1279 2999 749.
1300 2948 1329 2999 et

146 3021 201 3089 Sep
224 3065 229 3073 .
252 3019 290 3074 ill.
313 3022 396 3080 1243.)
415 3018 531 3072 conferri
548 3019 632 3072 iubet.
651 3017 746 3085 Wago.
769 3022 859 3072 tamen
879 3018 949 3071 hanc
967 3018 1107 3071 lectionem
1126 3031 1169 3069 cre
1190 3030 1217 3067 ro
1237 3029 1327 3066 recur-

146 3087 222 3142 renti
251 3086 278 3140 in
304 3085 353 3139 hoc
370 3102 450 3140 versu
467 3086 561 3139 literae
579 3105 593 3138 s
614 3084 705 3138 deberi
725 3086 887 3153 suspicatur.
906 3115 940 3123 -
962 3086 1058 3138 Nunc
1075 3082 1235 3149 coniapic
1257 3087 1327 3133 cato

146 3161 199 3210 etc.
224 3154 267 3207 cf.
283 3154 360 3206 Hom.
372 3153 404 3208 Il.
417 3153 475 3220 XV,
488 3156 545 3207 662.
566 3152 670 3206 Ditzen.
684 3168 709 3219 p.
726 3156 765 3206 19.
784 3152 867 3205 etiam
885 3153 989 3205 confert
1006 3151 1100 3205 Callia.
1120 3150 1194 3216 Eleg.
1214 3165 1238 3201 v.
1258 3151 1282 3201 6,
1294 3177 1326 3187 -

145 3222 211 3282 281.
230 3226 384 3288 „referto
402 3221 500 3281 animo,
519 3220 560 3274 vel
580 3220 608 3273 in
637 3220 757 3273 animum
777 3222 915 3298 revocato,
943 3220 1134 3285 memoresto,
1159 3214 1327 3284 quodmodo

146 3289 312 3359 praecessit;
332 3288 424 3358 itaque
442 3289 525 3342 nolim
542 3287 673 3355 accipere:
693 3287 850 3355 exprimito,
868 3286 997 3339 imitator.
1031 3286 1072 3340 Gi.
1088 3285 1167 3339 Iliad.
1187 3282 1259 3348 XVI,
1278 3285 1326 3335 207

147 3375 209 3426 sqq.
229 3360 258 3409 et
275 3356 310 3410 ad
327 3372 401 3425 seqq.
413 3355 472 3423 XV,
488 3360 535 3410 661
553 3358 630 3425 sqq.‘⁴
666 3355 754 3423 Hapa.
790 3354 856 3408 Mihi
874 3355 965 3407 tamen
983 3354 1048 3407 haec
1062 3353 1148 3406 altera
1165 3349 1327 3419 significatio

146 3426 260 3478 ridetur
278 3423 453 3492 praeferenda
471 3425 516 3490 (de
535 3440 587 3493 qua
604 3422 658 3477 vid.
677 3421 710 3475 ad
729 3422 761 3484 V,
784 3425 843 3475 598.
864 3420 925 3475 coll.
943 3421 1047 3475 adnott.
1068 3420 1102 3475 ad
1119 3419 1171 3486 IV,
1193 3420 1270 3480 329),
1296 3420 1327 3470 ut

145 3494 196 3546 sit:
216 3491 350 3569 imitando
368 3493 506 3559 renovate,
531 3491 644 3559 repetite
674 3490 783 3558 egregia
801 3489 932 3542 maiorum
950 3488 1075 3543 facinora.
1112 3487 1204 3541 Gossr.
1223 3501 1327 3539 mecum

148 3561 305 3613 consentire
322 3558 429 3613 videtur
456 3563 484 3612 et
502 3558 601 3612 diserte
620 3559 792 3612 consentiunt
810 3557 906 3625 Wagn.
926 3556 954 3611 in
972 3556 1109 3611 recentiss.
1128 3555 1202 3620 edit,
1220 3553 1326 3607 Laden.

146 3632 176 3681 et
193 3627 326 3690 Bennist.,
346 3627 410 3680 dum
427 3600 512 3696 iiryce
530 3629 558 3679 et
575 3625 727 3695 Conington
747 3625 843 3678 incerti
860 3627 933 3688 sunt,
951 3625 1014 3693 qnid
1035 3625 1166 3678 statuant.
1202 3620 1327 3675 Ceterum

146 3711 197 3764 pro
216 3695 323 3758 referto
341 3711 412 3748 nunc
430 3710 491 3747 cum
509 3693 654 3748 Ribbeckio
684 3710 715 3746 er
733 3692 791 3745 Pal.
811 3694 838 3745 et
856 3692 925 3746 Gud.
944 3692 1029 3747 reeei
1057 3691 1199 3745 lectionem
1217 3694 1327 3756 referte,

145 3778 210 3815 cum
229 3761 333 3815 Ditcen.
352 3779 379 3830 p.
402 3766 440 3815 19.
461 3762 520 3815 coll.
538 3760 605 3815 locis
618 3760 677 3813 Val.
695 3760 736 3814 Fr.
754 3759 804 3824 111,
818 3764 876 3814 380.
910 3759 964 3813 Cic.
1010 3775 1065 3812 usc.
1084 3759 1140 3825 111,
1161 3761 1202 3823 28,
1221 3761 1260 3809 70.
1279 3771 1326 3824 pro

145 3829 240 3882 Fiacc.
262 3832 304 3891 41,
325 3832 381 3882 104.
412 3830 445 3883 de
463 3829 521 3882 Fin.
540 3829 576 3890 ΙΙ,
601 3827 696 3882 1,1.iv.
716 3827 804 3891 XXII,
821 3831 847 3893 4,
868 3832 890 3881 1.
910 3832 938 3881 ct
954 3826 1027 3881 laud.
1040 3826 1186 3880 Weissenb.
1205 3824 1325 3877 Granrm.

146 3897 211 3950 Lat.
230 3903 254 3961 §-
276 3899 331 3950 156.
352 3901 425 3952 recte
445 3896 604 3950 contendere
622 3894 755 3959 videatur,
774 3897 876 3949 certam
895 3911 953 3948 esse
969 3894 1058 3963 legem
1081 3894 1190 3961 linguae
1207 3892 1276 3952 Lat,
1296 3890 1328 3966 ut

145 3964 264 4033 qras'aque
280 3963 309 4016 in
326 3963 412 4018 altero
430 3964 572 4018 enuntiato
585 3962 762 4032 singularem,
783 3962 809 4016 in
829 3963 915 4016 altero
927 3961 1063 4015 Pluraiem
1074 3959 1202 4028 postulet.
1237 3956 1326 4009 Oeten

146 4031 312 4085 recentiores
343 4030 457 4086 editores
482 4029 649 4099 singularem
681 4031 859 4084 retinuerunt.
888 4060 920 4067 -·
949 4025 1015 4088 282.
1043 4028 1163 4086 Facta,
1191 4031 1326 4092 patrum

145 4099 280 4152 lucader.
317 4100 360 4151 lta
378 4101 600 4169 interpunrerunt
619 4097 706 4152 Ruhk.
731 4101 759 4152 et
777 4097 867 4157 lehn,
899 4112 965 4165 quos
995 4097 1037 4162 (ut
1063 4094 1146 4147 etiam
1174 4106 1265 4143 omnes
1284 4105 1326 4142 rue

146 4165 312 4235 posteriores
329 4166 418 4233 editt.)
434 4184 495 4220 cum
511 4165 608 4234 Wagn.
628 4166 736 4220 secutus
754 4181 823 4228 sum,
843 4179 905 4216 narn
916 4180 1016 4230 mapsa
1032 4162 1111 4230 factu
1124 4159 1178 4213 iere
1195 4158 1265 4211 idem
1284 4158 1326 4209 cst

144 4233 219 4354 aqud
238 4234 336 4286 laudes
353 4236 430 4299 (κλέα
448 4234 585 4299 dodorim
605 4249 687 4302 quare
705 4233 728 4286 si
746 4231 888 4286 Genitirus
905 4230 950 4283 ille
969 4246 1022 4282 non
1036 4229 1158 4283 adiectus
1170 4227 1249 4289 esset,
1269 4239 1326 4276 voc.

176 4303 255 4365 ucles,
276 4301 417 4370 quodiam
437 4304 605 4371 peraetaru
630 4300 700 4354 nude
744 4301 844 4354 ositum
874 4298 1032 4360 offenderet,
1066 4296 1164 4349 mirum
1194 4294 1325 4363 qnantum

144 4369 173 4423 la
233 4373 300 4422 eret.
337 4368 425 4438 Vulgo
443 4369 515 4422 enirn
535 4369 572 4422 sic
592 4318 781 4436 distinguiiur:
801 4368 891 4420 Facta
905 4373 1026 4437 patrum,
1045 4366 1151 4419 decedes.
1179 4361 1280 4441 (Ioula
1298 4358 1326 4409 in

145 4437 192 4505 qni
213 4436 310 4489 nudam
328 4436 404 4490 libris
421 4436 516 4490 addita
535 4436 587 4499 (vel
607 4444 632 4488 ct
648 4438 755 4498 ἰαιιάεε,
775 4435 817 4489 rel
834 4435 931 4488 landes
985 4433 1039 4497 )W
1076 4449 1138 4487 nero
1158 4379 1326 4483 nihridecia·

146 4521 208 4558 rare
227 4504 344 4566 ridetur,
365 4504 418 4558 nisi
436 4504 489 4558 iarn
509 4503 569 4556 olim
595 4503 639 4556 hic
665 4502 796 4556 offensum
826 4518 890 4556 esse.
927 4452 1051 4570 liidipieu
1073 4517 1117 4555 am
1146 4501 1243 4573 tamen,
1267 4508 1325 4545 esse

144 4571 290 4640 copulam,
318 4572 486 4626 contendunt
504 4570 607 4625 Walei
641 4573 669 4625 et
688 4569 768 4623 Both.
789 4572 815 4636 (a
845 4570 941 4638 quibus
969 4585 1022 4623 uon
1047 4566 1190 4623 dissentire
1219 4560 1326 4615 ardetur

145 4639 324 4707 Conington),
344 4643 415 4694 recte
433 4639 594 4693 adversante
610 4638 713 4693 Iahnio.
738 4636 853 4699 Peerlk,
874 4636 917 4690 cui
935 4636 1000 4691 haec
1018 4638 1099 4691 verba
1111 4629 1324 4689 additamentum

145 4707 276 4761 ridentur
293 4706 328 4760 ad
346 4723 452 4761 versum
471 4705 629 4774 explendum
647 4706 748 4760 sactum
792 4721 853 4758 cum
881 4703 909 4757 in
927 4703 1010 4758 Codd.
1031 4700 1190 4783 quibusdam
1218 4696 1325 4763 legatur

145 4778 186 4829 ad
202 4776 310 4837 undas,
340 4775 408 4828 satis
426 4773 556 4827 audacter
583 4774 649 4827 coni.
669 4802 681 4813 ·
700 4803 711 4814 -
755 4778 819 4825 acta
834 4780 955 4841 paenam.
989 4771 1103 4825 Pramus
1122 4768 1196 4820 adiro
1214 4780 1269 4815 ccc.
1288 4762 1328 4812 ad

145 4845 244 4896 anche.
281 4842 397 4897 Gentius
422 4842 513 4895 autem
541 4857 566 4909 p.
585 4846 625 4896 54.
674 4849 773 4895 aeona.
808 4841 946 4893 Auderem
973 4839 1048 4892 altro
1074 4840 1125 4890 etc.
1154 4862 1187 4871 -
1217 4830 1324 4892 Ultro.

163 4911 307 4979 riusquam
325 4909 416 4964 hostes
435 4925 484 4961 noa
501 4859 705 5029 adgrediuni’ur,
723 4907 869 4985 lacessunt,
888 4906 951 4974 (rid.
969 4906 1041 4959 inira
1059 4922 1083 4960 v,
1103 4900 1185 4963 312),
1205 4900 1237 4949 ut
1253 4911 1324 4949 nnnc

178 4996 242 5048 agn.
264 4993 370 5047 quoque
387 4976 416 5030 in
434 4976 497 5029 min.
516 4992 530 5029 e
550 4976 580 5030 it.
600 4994 689 5032 vocem
712 4974 840 5044 expleat,
871 4975 917 5044 qui
947 4977 1027 5027 antea
1045 4972 1094 5038 Qu.
1112 4969 1192 5036 Verg.
1213 4964 1323 5031 XXVII,
