<?xml version="1.0" encoding="UTF-8"?>
<!DOCTYPE html PUBLIC "-//W3C//DTD XHTML 1.0 Transitional//EN"
    "http://www.w3.org/TR/xhtml1/DTD/xhtml1-transitional.dtd">
<html xmlns="http://www.w3.org/1999/xhtml" xml:lang="en" lang="en">
 <head>
  <title>
</title>
<meta http-equiv="Content-Type" content="text/html;charset=utf-8" />
  <meta name='ocr-system' content='tesseract 3.04.00' />
  <meta name='ocr-capabilities' content='ocr_page ocr_carea ocr_par ocr_line ocrx_word'/>
</head>
<body>
  <div class='ocr_page' id='page_1' title='image "./opera00virggoog/opera00virggoog_0371.png"; bbox 0 0 3359 5725; ppageno 0'>
   <div class='ocr_carea' id='block_1_1' title="bbox 325 567 1154 650">
    <p class='ocr_par' dir='ltr' id='par_1_1' title="bbox 325 567 1154 650">
     <span class='ocr_line' id='line_1_1' title="bbox 325 567 1154 650; baseline -0.021 0"><span class='ocrx_word' id='word_1_1' title='bbox 325 588 385 650; x_wconf 81' lang='lat' dir='ltr'><strong>aie</strong></span> <span class='ocrx_word' id='word_1_2' title='bbox 679 575 715 640; x_wconf 92' lang='lat' dir='ltr'><strong>P.</strong></span> <span class='ocrx_word' id='word_1_3' title='bbox 738 571 925 637; x_wconf 83' lang='lat' dir='ltr'>VERGILI</span> <span class='ocrx_word' id='word_1_4' title='bbox 946 567 1154 633; x_wconf 84' lang='lat' dir='ltr'>MARONIS</span> 
     </span>
    </p>
   </div>
   <div class='ocr_carea' id='block_1_2' title="bbox 323 734 1258 1329">
    <p class='ocr_par' dir='ltr' id='par_1_2' title="bbox 323 734 1232 997">
     <span class='ocr_line' id='line_1_2' title="bbox 323 734 1200 827; baseline -0.016 -15"><span class='ocrx_word' id='word_1_5' title='bbox 323 742 457 813; x_wconf 86' lang='lat' dir='ltr'><strong>Aenean</strong></span> <span class='ocrx_word' id='word_1_6' title='bbox 480 745 645 809; x_wconf 90' lang='lat' dir='ltr'><strong>hominum</strong></span> <span class='ocrx_word' id='word_1_7' title='bbox 667 742 838 827; x_wconf 87' lang='lat' dir='ltr'><strong>quisquam</strong></span> <span class='ocrx_word' id='word_1_8' title='bbox 862 738 1036 823; x_wconf 84' lang='lat' dir='ltr'><strong>divomque</strong></span> <span class='ocrx_word' id='word_1_9' title='bbox 1058 734 1200 820; x_wconf 81' lang='lat' dir='ltr'>subegit</span> 
     </span>
     <span class='ocr_line' id='line_1_3' title="bbox 324 817 1232 970; baseline -0.015 -76"><span class='ocrx_word' id='word_1_10' title='bbox 324 829 417 895; x_wconf 89' lang='lat' dir='ltr'><strong>Bella</strong></span> <span class='ocrx_word' id='word_1_11' title='bbox 440 829 532 915; x_wconf 87' lang='lat' dir='ltr'><strong>sequi</strong></span> <span class='ocrx_word' id='word_1_12' title='bbox 553 837 608 891; x_wconf 90' lang='lat' dir='ltr'><strong>aut</strong></span> <span class='ocrx_word' id='word_1_13' title='bbox 630 824 757 889; x_wconf 77' lang='lat' dir='ltr'><strong>hostem</strong></span> <span class='ocrx_word' id='word_1_14' title='bbox 779 823 852 970; x_wconf 49' lang='lat' dir='ltr'><strong>regi</strong></span> <span class='ocrx_word' id='word_1_15' title='bbox 873 843 908 885; x_wconf 87' lang='lat' dir='ltr'><strong>se</strong></span> <span class='ocrx_word' id='word_1_16' title='bbox 930 819 1050 884; x_wconf 88' lang='lat' dir='ltr'><strong>inferre</strong></span> <span class='ocrx_word' id='word_1_17' title='bbox 1071 817 1232 882; x_wconf 80' lang='lat' dir='ltr'><strong>Latino?</strong></span> 
     </span>
     <span class='ocr_line' id='line_1_4' title="bbox 324 906 997 997; baseline -0.016 -20"><span class='ocrx_word' id='word_1_18' title='bbox 324 911 455 978; x_wconf 87' lang='lat' dir='ltr'><strong>Italiam</strong></span> <span class='ocrx_word' id='word_1_19' title='bbox 476 910 570 997; x_wconf 89' lang='lat' dir='ltr'><strong>petiit</strong></span> <span class='ocrx_word' id='word_1_20' title='bbox 593 909 669 972; x_wconf 87' lang='lat' dir='ltr'><strong>fatis</strong></span> <span class='ocrx_word' id='word_1_21' title='bbox 691 906 818 971; x_wconf 87' lang='lat' dir='ltr'><strong>auctori</strong></span> <span class='ocrx_word' id='word_1_22' title='bbox 843 927 893 984; x_wconf 86' lang='lat' dir='ltr'><strong>us,</strong></span> <span class='ocrx_word' id='word_1_23' title='bbox 917 911 997 982; x_wconf 88' lang='lat' dir='ltr'><strong>esto,</strong></span> 
     </span>
    </p>

    <p class='ocr_par' dir='ltr' id='par_1_3' title="bbox 326 984 1258 1329">
     <span class='ocr_line' id='line_1_5' title="bbox 327 984 1252 1078; baseline -0.011 -19"><span class='ocrx_word' id='word_1_24' title='bbox 327 992 535 1061; x_wconf 81' lang='lat' dir='ltr'><strong>Cassandrae</strong></span> <span class='ocrx_word' id='word_1_25' title='bbox 557 990 704 1078; x_wconf 87' lang='lat' dir='ltr'><strong>inpulsus</strong></span> <span class='ocrx_word' id='word_1_26' title='bbox 726 989 837 1053; x_wconf 82' lang='lat' dir='ltr'><strong>furiis:</strong></span> <span class='ocrx_word' id='word_1_27' title='bbox 859 1009 935 1051; x_wconf 92' lang='lat' dir='ltr'><strong>num</strong></span> <span class='ocrx_word' id='word_1_28' title='bbox 957 984 1106 1069; x_wconf 86' lang='lat' dir='ltr'><strong>linquere</strong></span> <span class='ocrx_word' id='word_1_29' title='bbox 1130 995 1252 1049; x_wconf 88' lang='lat' dir='ltr'><strong>eastra</strong></span> 
     </span>
     <span class='ocr_line' id='line_1_6' title="bbox 326 1066 1168 1141; baseline -0.015 -1"><span class='ocrx_word' id='word_1_30' title='bbox 326 1077 460 1140; x_wconf 90' lang='lat' dir='ltr'><strong>Hortati</strong></span> <span class='ocrx_word' id='word_1_31' title='bbox 483 1098 592 1141; x_wconf 88' lang='lat' dir='ltr'><strong>sumus</strong></span> <span class='ocrx_word' id='word_1_32' title='bbox 615 1082 671 1138; x_wconf 87' lang='lat' dir='ltr'><strong>aut</strong></span> <span class='ocrx_word' id='word_1_33' title='bbox 691 1073 794 1136; x_wconf 88' lang='lat' dir='ltr'><strong>vitam</strong></span> <span class='ocrx_word' id='word_1_34' title='bbox 817 1070 1018 1135; x_wconf 83' lang='lat' dir='ltr'><strong>committere</strong></span> <span class='ocrx_word' id='word_1_35' title='bbox 1035 1066 1168 1130; x_wconf 83' lang='lat' dir='ltr'><strong>ventis?</strong></span> 
     </span>
     <span class='ocr_line' id='line_1_7' title="bbox 328 1148 1258 1245; baseline -0.012 -21"><span class='ocrx_word' id='word_1_36' title='bbox 328 1161 413 1224; x_wconf 93' lang='lat' dir='ltr'><strong>Num</strong></span> <span class='ocrx_word' id='word_1_37' title='bbox 436 1180 536 1245; x_wconf 89' lang='lat' dir='ltr'><strong>puero</strong></span> <span class='ocrx_word' id='word_1_38' title='bbox 560 1178 719 1222; x_wconf 87' lang='lat' dir='ltr'><strong>summam</strong></span> <span class='ocrx_word' id='word_1_39' title='bbox 740 1154 828 1236; x_wconf 83' lang='lat' dir='ltr'><strong>belli,</strong></span> <span class='ocrx_word' id='word_1_40' title='bbox 849 1175 927 1216; x_wconf 93' lang='lat' dir='ltr'><strong>num</strong></span> <span class='ocrx_word' id='word_1_41' title='bbox 951 1148 1086 1215; x_wconf 88' lang='lat' dir='ltr'><strong>eredere</strong></span> <span class='ocrx_word' id='word_1_42' title='bbox 1108 1151 1258 1213; x_wconf 77' lang='lat' dir='ltr'><strong>muros?</strong></span> 
     </span>
     <span class='ocr_line' id='line_1_8' title="bbox 327 1232 1258 1329; baseline -0.011 -24"><span class='ocrx_word' id='word_1_43' title='bbox 327 1240 597 1329; x_wconf 79' lang='lat' dir='ltr'><strong>Tyrrhenamque</strong></span> <span class='ocrx_word' id='word_1_44' title='bbox 619 1238 715 1304; x_wconf 87' lang='lat' dir='ltr'><strong>fidem</strong></span> <span class='ocrx_word' id='word_1_45' title='bbox 737 1247 793 1302; x_wconf 90' lang='lat' dir='ltr'><strong>aut</strong></span> <span class='ocrx_word' id='word_1_46' title='bbox 814 1236 921 1322; x_wconf 85' lang='lat' dir='ltr'><strong>gentis</strong></span> <span class='ocrx_word' id='word_1_47' title='bbox 944 1234 1070 1318; x_wconf 85' lang='lat' dir='ltr'><strong>agitare</strong></span> <span class='ocrx_word' id='word_1_48' title='bbox 1093 1232 1258 1318; x_wconf 80' lang='lat' dir='ltr'><strong>quietas?</strong></span> 
     </span>
    </p>
   </div>
   <div class='ocr_carea' id='block_1_3' title="bbox 329 1461 536 1469">
    <p class='ocr_par' dir='ltr' id='par_1_4' title="bbox 329 1461 536 1469">
     <span class='ocr_line' id='line_1_9' title="bbox 329 1461 536 1469; baseline 0 -3"><span class='ocrx_word' id='word_1_49' title='bbox 329 1461 536 1469; x_wconf 79' lang='lat'><em>——..</em></span> 
     </span>
    </p>
   </div>
   <div class='ocr_carea' id='block_1_4' title="bbox 321 1599 1504 2749">
    <p class='ocr_par' dir='ltr' id='par_1_5' title="bbox 321 1599 1504 2749">
     <span class='ocr_line' id='line_1_10' title="bbox 327 1599 1503 1673; baseline -0.008 -10"><span class='ocrx_word' id='word_1_50' title='bbox 327 1626 361 1663; x_wconf 82' lang='lat' dir='ltr'><strong>rie</strong></span> <span class='ocrx_word' id='word_1_51' title='bbox 377 1608 516 1673; x_wconf 76' lang='lat' dir='ltr'><strong>refricare</strong></span> <span class='ocrx_word' id='word_1_52' title='bbox 534 1607 680 1661; x_wconf 78' lang='lat' dir='ltr'><strong>obductam</strong></span> <span class='ocrx_word' id='word_1_53' title='bbox 696 1605 752 1657; x_wconf 83' lang='lat' dir='ltr'><strong>iam</strong></span> <span class='ocrx_word' id='word_1_54' title='bbox 770 1603 940 1673; x_wconf 79' lang='lat' dir='ltr'><strong>reipublicae</strong></span> <span class='ocrx_word' id='word_1_55' title='bbox 972 1599 1126 1655; x_wconf 75' lang='lat' dir='ltr'><strong>cicatricem</strong></span> <span class='ocrx_word' id='word_1_56' title='bbox 1157 1601 1278 1652; x_wconf 80' lang='lat' dir='ltr'><strong>viderer</strong></span> <span class='ocrx_word' id='word_1_57' title='bbox 1308 1604 1340 1655; x_wconf 88' lang='lat' dir='ltr'><strong>et</strong></span> <span class='ocrx_word' id='word_1_58' title='bbox 1361 1599 1437 1656; x_wconf 77' lang='lat' dir='ltr'><strong>evii.</strong></span> <span class='ocrx_word' id='word_1_59' title='bbox 1453 1601 1503 1654; x_wconf 75' lang='lat' dir='ltr'><strong>Xet</strong></span> 
     </span>
     <span class='ocr_line' id='line_1_11' title="bbox 327 1667 1504 1746; baseline -0.008 -15"><span class='ocrx_word' id='word_1_60' title='bbox 327 1677 390 1740; x_wconf 91' lang='lat' dir='ltr'>XII,</span> <span class='ocrx_word' id='word_1_61' title='bbox 408 1679 465 1731; x_wconf 77' lang='lat'><strong>542.</strong></span> <span class='ocrx_word' id='word_1_62' title='bbox 501 1675 571 1744; x_wconf 82' lang='lat' dir='ltr'><strong>quid</strong></span> <span class='ocrx_word' id='word_1_63' title='bbox 587 1691 628 1728; x_wconf 88' lang='lat' dir='ltr'><strong>me</strong></span> <span class='ocrx_word' id='word_1_64' title='bbox 644 1672 795 1727; x_wconf 64' lang='lat' dir='ltr'><strong>meminisse</strong></span> <span class='ocrx_word' id='word_1_65' title='bbox 806 1671 943 1725; x_wconf 69' lang='lat' dir='ltr'><strong>culorum</strong></span> <span class='ocrx_word' id='word_1_66' title='bbox 962 1668 1044 1737; x_wconf 64' lang='lat' dir='ltr'><strong>eope</strong></span> <span class='ocrx_word' id='word_1_67' title='bbox 1061 1674 1087 1746; x_wconf 66' lang='lat' dir='ltr'><strong>et</strong></span> <span class='ocrx_word' id='word_1_68' title='bbox 1104 1667 1244 1745; x_wconf 66' lang='lat' dir='ltr'><strong>abductos</strong></span> <span class='ocrx_word' id='word_1_69' title='bbox 1262 1670 1352 1722; x_wconf 63' lang='lat' dir='ltr'><strong>amus</strong></span> <span class='ocrx_word' id='word_1_70' title='bbox 1370 1671 1504 1723; x_wconf 66' lang='lat' dir='ltr'><strong>rescisssilm</strong></span> 
     </span>
     <span class='ocr_line' id='line_1_12' title="bbox 327 1734 1503 1799; baseline -0.009 0"><span class='ocrx_word' id='word_1_71' title='bbox 327 1743 434 1799; x_wconf 67' lang='lat' dir='ltr'><strong>luceru!</strong></span> <span class='ocrx_word' id='word_1_72' title='bbox 452 1743 579 1798; x_wconf 80' lang='lat' dir='ltr'><strong>Ceterruu</strong></span> <span class='ocrx_word' id='word_1_73' title='bbox 598 1743 675 1796; x_wconf 81' lang='lat' dir='ltr'><strong>lotus</strong></span> <span class='ocrx_word' id='word_1_74' title='bbox 694 1756 719 1792; x_wconf 87' lang='lat' dir='ltr'><strong>v.</strong></span> <span class='ocrx_word' id='word_1_75' title='bbox 737 1743 779 1795; x_wconf 77' lang='lat' dir='ltr'><strong>ei.</strong></span> <span class='ocrx_word' id='word_1_76' title='bbox 810 1755 870 1792; x_wconf 89' lang='lat' dir='ltr'><strong>cum</strong></span> <span class='ocrx_word' id='word_1_77' title='bbox 900 1737 984 1791; x_wconf 85' lang='lat' dir='ltr'><strong>altero</strong></span> <span class='ocrx_word' id='word_1_78' title='bbox 1012 1734 1185 1789; x_wconf 84' lang='lat' dir='ltr'><strong>hemialieliio</strong></span> <span class='ocrx_word' id='word_1_79' title='bbox 1240 1736 1325 1790; x_wconf 86' lang='lat' dir='ltr'><strong>rioris</strong></span> <span class='ocrx_word' id='word_1_80' title='bbox 1358 1737 1503 1791; x_wconf 84' lang='lat' dir='ltr'><strong>iteratnrii</strong></span> 
     </span>
     <span class='ocr_line' id='line_1_13' title="bbox 329 1752 1502 1882; baseline -0.004 -18"><span class='ocrx_word' id='word_1_81' title='bbox 329 1806 839 1876; x_wconf 76' lang='lat' dir='ltr'><strong>Anth‚Lat.1‚1ia‚aasq.—66.</strong></span> <span class='ocrx_word' id='word_1_82' title='bbox 866 1805 959 1859; x_wconf 86' lang='lat' dir='ltr'><strong>bella</strong></span> <span class='ocrx_word' id='word_1_83' title='bbox 986 1802 1095 1882; x_wconf 73' lang='lat' dir='ltr'><strong>requi,</strong></span> <span class='ocrx_word' id='word_1_84' title='bbox 1124 1818 1188 1855; x_wconf 89' lang='lat' dir='ltr'><strong>euni</strong></span> <span class='ocrx_word' id='word_1_85' title='bbox 1217 1752 1365 1859; x_wconf 56' lang='lat' dir='ltr'><strong>Residerio</strong></span> <span class='ocrx_word' id='word_1_86' title='bbox 1396 1804 1502 1878; x_wconf 64' lang='lat' dir='ltr'><strong>quodam</strong></span> 
     </span>
     <span class='ocr_line' id='line_1_14' title="bbox 327 1871 1502 1950; baseline -0.006 -17"><span class='ocrx_word' id='word_1_87' title='bbox 327 1878 469 1948; x_wconf 83' lang='lat' dir='ltr'><strong>Sequimur</strong></span> <span class='ocrx_word' id='word_1_88' title='bbox 487 1877 567 1939; x_wconf 88' lang='lat' dir='ltr'><strong>enim,</strong></span> <span class='ocrx_word' id='word_1_89' title='bbox 588 1891 656 1944; x_wconf 86' lang='lat' dir='ltr'><strong>quae</strong></span> <span class='ocrx_word' id='word_1_90' title='bbox 675 1891 707 1928; x_wconf 89' lang='lat' dir='ltr'><strong>cu</strong></span> <span class='ocrx_word' id='word_1_91' title='bbox 727 1875 797 1927; x_wconf 76' lang='lat' dir='ltr'><strong>Imus</strong></span> <span class='ocrx_word' id='word_1_92' title='bbox 815 1871 958 1950; x_wconf 79' lang='lat' dir='ltr'><strong>attingere.</strong></span> <span class='ocrx_word' id='word_1_93' title='bbox 993 1872 1147 1949; x_wconf 73' lang='lat' dir='ltr'><strong>Comngton</strong></span> <span class='ocrx_word' id='word_1_94' title='bbox 1163 1875 1314 1950; x_wconf 85' lang='lat' dir='ltr'><strong>comparat</strong></span> <span class='ocrx_word' id='word_1_95' title='bbox 1329 1889 1502 1942; x_wconf 64' lang='lat' dir='ltr'><strong>pecuarius</strong></span> 
     </span>
     <span class='ocr_line' id='line_1_15' title="bbox 328 1891 1502 2081; baseline -0.007 -15"><span class='ocrx_word' id='word_1_96' title='bbox 328 1946 467 2081; x_wconf 48' lang='lat' dir='ltr'><strong>ileru-</strong></span> <span class='ocrx_word' id='word_1_97' title='bbox 486 1943 648 2062; x_wconf 61' lang='lat' dir='ltr'><strong>bilia</strong></span> <span class='ocrx_word' id='word_1_98' title='bbox 662 1891 776 2062; x_wconf 67' lang='lat' dir='ltr'><strong>erle</strong></span> <span class='ocrx_word' id='word_1_99' title='bbox 794 1944 843 2061; x_wconf 72' lang='lat' dir='ltr'><strong>ri</strong></span> <span class='ocrx_word' id='word_1_100' title='bbox 873 1947 987 2060; x_wconf 88' lang='grc' dir='ltr'><em>Ψ</em></span> <span class='ocrx_word' id='word_1_101' title='bbox 1015 1937 1279 2072; x_wconf 58' lang='lat' dir='ltr'><strong>iratae</strong></span> <span class='ocrx_word' id='word_1_102' title='bbox 1295 1941 1502 2061; x_wconf 62' lang='lat' dir='ltr'><strong>irre-ri</strong></span> 
     </span>
     <span class='ocr_line' id='line_1_16' title="bbox 327 2008 1501 2146; baseline -0.009 -14"><span class='ocrx_word' id='word_1_103' title='bbox 327 2080 373 2145; x_wconf 82' lang='lat' dir='ltr'><strong>Vl,</strong></span> <span class='ocrx_word' id='word_1_104' title='bbox 395 2077 546 2131; x_wconf 74' lang='lat' dir='ltr'><strong>lucader</strong></span> <span class='ocrx_word' id='word_1_105' title='bbox 580 2076 684 2129; x_wconf 87' lang='lat' dir='ltr'><strong>ratione</strong></span> <span class='ocrx_word' id='word_1_106' title='bbox 712 2094 740 2128; x_wconf 83' lang='lat' dir='ltr'><strong>rc</strong></span> <span class='ocrx_word' id='word_1_107' title='bbox 759 2076 863 2142; x_wconf 69' lang='lat' dir='ltr'><strong>inferre</strong></span> <span class='ocrx_word' id='word_1_108' title='bbox 893 2008 1070 2128; x_wconf 48' lang='lat' dir='ltr'><strong>cumfflllltivo</strong></span> <span class='ocrx_word' id='word_1_109' title='bbox 1099 2072 1230 2125; x_wconf 81' lang='lat' dir='ltr'><strong>construi.</strong></span> <span class='ocrx_word' id='word_1_110' title='bbox 1263 2103 1299 2112; x_wconf 93' lang='lat'><strong>—</strong></span> <span class='ocrx_word' id='word_1_111' title='bbox 1327 2075 1378 2134; x_wconf 76' lang='grc'><strong>67.</strong></span> <span class='ocrx_word' id='word_1_112' title='bbox 1402 2074 1501 2146; x_wconf 60' lang='lat' dir='ltr'><strong>‚parib</strong></span> 
     </span>
     <span class='ocr_line' id='line_1_17' title="bbox 328 2142 1501 2215; baseline -0.004 -16"><span class='ocrx_word' id='word_1_113' title='bbox 328 2147 414 2215; x_wconf 77' lang='lat' dir='ltr'><strong>satir</strong></span> <span class='ocrx_word' id='word_1_114' title='bbox 431 2143 638 2197; x_wconf 74' lang='lat' dir='ltr'><strong>auctoribus.</strong></span> <span class='ocrx_word' id='word_1_115' title='bbox 672 2143 751 2196; x_wconf 86' lang='lat' dir='ltr'><strong>Hune</strong></span> <span class='ocrx_word' id='word_1_116' title='bbox 769 2142 889 2197; x_wconf 86' lang='lat' dir='ltr'><strong>ordinem</strong></span> <span class='ocrx_word' id='word_1_117' title='bbox 906 2142 1061 2203; x_wconf 80' lang='lat' dir='ltr'><strong>verborum,</strong></span> <span class='ocrx_word' id='word_1_118' title='bbox 1091 2155 1171 2207; x_wconf 88' lang='lat' dir='ltr'><strong>quein</strong></span> <span class='ocrx_word' id='word_1_119' title='bbox 1189 2143 1307 2206; x_wconf 88' lang='lat' dir='ltr'><strong>praeter</strong></span> <span class='ocrx_word' id='word_1_120' title='bbox 1324 2143 1447 2197; x_wconf 87' lang='lat' dir='ltr'><strong>omnium</strong></span> <span class='ocrx_word' id='word_1_121' title='bbox 1461 2144 1501 2194; x_wconf 77' lang='lat' dir='ltr'><strong>iere</strong></span> 
     </span>
     <span class='ocr_line' id='line_1_18' title="bbox 321 2206 1500 2273; baseline -0.004 -8"><span class='ocrx_word' id='word_1_122' title='bbox 321 2211 412 2266; x_wconf 66' lang='lat' dir='ltr'><strong>&#39;Cede</strong></span> <span class='ocrx_word' id='word_1_123' title='bbox 431 2211 513 2265; x_wconf 85' lang='lat' dir='ltr'><strong>etiam</strong></span> <span class='ocrx_word' id='word_1_124' title='bbox 530 2209 665 2264; x_wconf 84' lang='lat' dir='ltr'><strong>Prisciani</strong></span> <span class='ocrx_word' id='word_1_125' title='bbox 684 2210 745 2273; x_wconf 89' lang='lat' dir='ltr'>VII,</span> <span class='ocrx_word' id='word_1_126' title='bbox 765 2215 789 2271; x_wconf 86' lang='grc'>7,</span> <span class='ocrx_word' id='word_1_127' title='bbox 803 2213 845 2264; x_wconf 87' lang='grc'><strong>33.</strong></span> <span class='ocrx_word' id='word_1_128' title='bbox 864 2207 1012 2264; x_wconf 84' lang='lat' dir='ltr'><strong>auctoritas</strong></span> <span class='ocrx_word' id='word_1_129' title='bbox 1031 2210 1132 2268; x_wconf 88' lang='lat' dir='ltr'><strong>tuetur,</strong></span> <span class='ocrx_word' id='word_1_130' title='bbox 1151 2222 1213 2259; x_wconf 92' lang='lat' dir='ltr'><strong>cuni</strong></span> <span class='ocrx_word' id='word_1_131' title='bbox 1233 2206 1316 2261; x_wconf 85' lang='lat' dir='ltr'><strong>Iahn.</strong></span> <span class='ocrx_word' id='word_1_132' title='bbox 1338 2211 1500 2264; x_wconf 80' lang='lat' dir='ltr'><strong>restituimus</strong></span> 
     </span>
     <span class='ocr_line' id='line_1_19' title="bbox 329 2274 1500 2348; baseline 0 -16"><span class='ocrx_word' id='word_1_133' title='bbox 329 2279 352 2332; x_wconf 89' lang='lat' dir='ltr'>V</span> <span class='ocrx_word' id='word_1_134' title='bbox 403 2278 500 2331; x_wconf 89' lang='lat' dir='ltr'><strong>oinde</strong></span> <span class='ocrx_word' id='word_1_135' title='bbox 519 2277 552 2332; x_wconf 91' lang='lat' dir='ltr'><strong>ab</strong></span> <span class='ocrx_word' id='word_1_136' title='bbox 567 2277 676 2332; x_wconf 81' lang='lat' dir='ltr'><strong>Heinsio</strong></span> <span class='ocrx_word' id='word_1_137' title='bbox 689 2278 758 2347; x_wconf 78' lang='lat' dir='ltr'><strong>satie</strong></span> <span class='ocrx_word' id='word_1_138' title='bbox 771 2277 862 2348; x_wconf 81' lang='lat' dir='ltr'><strong>petiit,</strong></span> <span class='ocrx_word' id='word_1_139' title='bbox 899 2275 1047 2330; x_wconf 84' lang='lat' dir='ltr'><strong>uodetieni</strong></span> <span class='ocrx_word' id='word_1_140' title='bbox 1056 2274 1152 2342; x_wconf 84' lang='lat' dir='ltr'><strong>Wagn.</strong></span> <span class='ocrx_word' id='word_1_141' title='bbox 1167 2274 1207 2339; x_wconf 93' lang='lat' dir='ltr'><strong>(in</strong></span> <span class='ocrx_word' id='word_1_142' title='bbox 1219 2275 1290 2328; x_wconf 87' lang='lat' dir='ltr'><strong>mai.</strong></span> <span class='ocrx_word' id='word_1_143' title='bbox 1303 2275 1396 2343; x_wconf 67' lang='lat' dir='ltr'><strong>editi,</strong></span> <span class='ocrx_word' id='word_1_144' title='bbox 1415 2275 1500 2332; x_wconf 72' lang='lat' dir='ltr'><strong>Peru</strong></span> 
     </span>
     <span class='ocr_line' id='line_1_20' title="bbox 329 2293 1501 2422; baseline -0.007 -23"><span class='ocrx_word' id='word_1_145' title='bbox 329 2349 357 2400; x_wconf 89' lang='lat' dir='ltr'><strong>et</strong></span> <span class='ocrx_word' id='word_1_146' title='bbox 420 2348 479 2415; x_wconf 89' lang='lat' dir='ltr'><strong>upt.</strong></span> <span class='ocrx_word' id='word_1_147' title='bbox 508 2348 650 2400; x_wconf 74' lang='lat' dir='ltr'><strong>ratramni</strong></span> <span class='ocrx_word' id='word_1_148' title='bbox 679 2347 718 2411; x_wconf 86' lang='lat' dir='ltr'><strong>(et</strong></span> <span class='ocrx_word' id='word_1_149' title='bbox 735 2344 846 2399; x_wconf 78' lang='lat' dir='ltr'><strong>bachin.</strong></span> <span class='ocrx_word' id='word_1_150' title='bbox 865 2293 899 2397; x_wconf 77' lang='lat' dir='ltr'><strong>al</strong></span> <span class='ocrx_word' id='word_1_151' title='bbox 919 2344 998 2396; x_wconf 88' lang='lat' dir='ltr'><strong>Lucr.</strong></span> <span class='ocrx_word' id='word_1_152' title='bbox 1017 2342 1066 2422; x_wconf 73' lang='lat' dir='ltr'>III,</span> <span class='ocrx_word' id='word_1_153' title='bbox 1087 2344 1172 2418; x_wconf 35' lang='lat'>1042..</span> <span class='ocrx_word' id='word_1_154' title='bbox 1187 2357 1216 2409; x_wconf 91' lang='lat' dir='ltr'><strong>p.</strong></span> <span class='ocrx_word' id='word_1_155' title='bbox 1235 2344 1298 2422; x_wconf 73' lang='grc' dir='ltr'><strong>ἳθβ.</strong></span> <span class='ocrx_word' id='word_1_156' title='bbox 1316 2347 1454 2422; x_wconf 69' lang='lat' dir='ltr'><strong>probat),</strong></span> <span class='ocrx_word' id='word_1_157' title='bbox 1479 2345 1501 2419; x_wconf 78' lang='lat' dir='ltr'><strong>rt</strong></span> 
     </span>
     <span class='ocr_line' id='line_1_21' title="bbox 330 2411 1500 2483; baseline -0.004 -16"><span class='ocrx_word' id='word_1_158' title='bbox 330 2412 468 2483; x_wconf 80' lang='lat' dir='ltr'><strong>Vergilius</strong></span> <span class='ocrx_word' id='word_1_159' title='bbox 487 2412 539 2468; x_wconf 86' lang='lat' dir='ltr'><strong>sibi</strong></span> <span class='ocrx_word' id='word_1_160' title='bbox 558 2412 616 2482; x_wconf 88' lang='lat' dir='ltr'><strong>ipse</strong></span> <span class='ocrx_word' id='word_1_161' title='bbox 634 2415 753 2477; x_wconf 87' lang='lat' dir='ltr'><strong>constet,</strong></span> <span class='ocrx_word' id='word_1_162' title='bbox 784 2429 845 2466; x_wconf 89' lang='lat' dir='ltr'><strong>cnm</strong></span> <span class='ocrx_word' id='word_1_163' title='bbox 867 2411 894 2464; x_wconf 89' lang='lat' dir='ltr'><strong>iii</strong></span> <span class='ocrx_word' id='word_1_164' title='bbox 913 2427 969 2464; x_wconf 82' lang='lat' dir='ltr'><strong>voc.</strong></span> <span class='ocrx_word' id='word_1_165' title='bbox 987 2411 1056 2476; x_wconf 74' lang='lat' dir='ltr'><strong>satra</strong></span> <span class='ocrx_word' id='word_1_166' title='bbox 1085 2424 1232 2477; x_wconf 88' lang='lat' dir='ltr'><strong>praecipua</strong></span> <span class='ocrx_word' id='word_1_167' title='bbox 1250 2425 1295 2463; x_wconf 83' lang='lat' dir='ltr'><strong>vis</strong></span> <span class='ocrx_word' id='word_1_168' title='bbox 1314 2412 1402 2473; x_wconf 82' lang='lat' dir='ltr'><strong>msit,</strong></span> <span class='ocrx_word' id='word_1_169' title='bbox 1429 2418 1454 2466; x_wconf 87' lang='lat' dir='ltr'><strong>et</strong></span> <span class='ocrx_word' id='word_1_170' title='bbox 1469 2411 1500 2462; x_wconf 78' lang='lat' dir='ltr'><strong>hir</strong></span> 
     </span>
     <span class='ocr_line' id='line_1_22' title="bbox 329 2476 1500 2557; baseline 0 -24"><span class='ocrx_word' id='word_1_171' title='bbox 329 2481 476 2537; x_wconf 86' lang='lat' dir='ltr'><strong>habeamus</strong></span> <span class='ocrx_word' id='word_1_172' title='bbox 494 2481 605 2537; x_wconf 84' lang='lat' dir='ltr'><strong>eandem</strong></span> <span class='ocrx_word' id='word_1_173' title='bbox 624 2479 835 2549; x_wconf 85' lang='lat' dir='ltr'><strong>productionem,</strong></span> <span class='ocrx_word' id='word_1_174' title='bbox 856 2478 961 2557; x_wconf 85' lang='lat' dir='ltr'><strong>deque</strong></span> <span class='ocrx_word' id='word_1_175' title='bbox 978 2476 1012 2530; x_wconf 82' lang='lat' dir='ltr'><strong>ad</strong></span> <span class='ocrx_word' id='word_1_176' title='bbox 1031 2476 1093 2530; x_wconf 87' lang='lat' dir='ltr'><strong>Geo.</strong></span> <span class='ocrx_word' id='word_1_177' title='bbox 1107 2476 1147 2555; x_wconf 69' lang='grc' dir='ltr'>Π,</span> <span class='ocrx_word' id='word_1_178' title='bbox 1158 2479 1217 2554; x_wconf 71' lang='lat' dir='ltr'><strong>Ill.</strong></span> <span class='ocrx_word' id='word_1_179' title='bbox 1237 2481 1268 2529; x_wconf 91' lang='lat' dir='ltr'><strong>et</strong></span> <span class='ocrx_word' id='word_1_180' title='bbox 1286 2478 1366 2543; x_wconf 82' lang='lat' dir='ltr'><strong>alibi,</strong></span> <span class='ocrx_word' id='word_1_181' title='bbox 1387 2477 1500 2549; x_wconf 73' lang='lat' dir='ltr'><strong>imprimis</strong></span> 
     </span>
     <span class='ocr_line' id='line_1_23' title="bbox 328 2543 1501 2616; baseline -0.001 -13"><span class='ocrx_word' id='word_1_182' title='bbox 328 2549 363 2603; x_wconf 87' lang='lat' dir='ltr'><strong>ad</strong></span> <span class='ocrx_word' id='word_1_183' title='bbox 381 2550 446 2604; x_wconf 83' lang='lat' dir='ltr'><strong>Aen.</strong></span> <span class='ocrx_word' id='word_1_184' title='bbox 464 2549 497 2616; x_wconf 86' lang='lat' dir='ltr'><strong>V,</strong></span> <span class='ocrx_word' id='word_1_185' title='bbox 517 2552 574 2603; x_wconf 81' lang='lat'>521.</span> <span class='ocrx_word' id='word_1_186' title='bbox 594 2548 719 2602; x_wconf 79' lang='lat' dir='ltr'><strong>diximus</strong></span> <span class='ocrx_word' id='word_1_187' title='bbox 754 2546 806 2601; x_wconf 84' lang='lat' dir='ltr'><strong>Sed</strong></span> <span class='ocrx_word' id='word_1_188' title='bbox 824 2546 962 2601; x_wconf 80' lang='lat' dir='ltr'><strong>verisume</strong></span> <span class='ocrx_word' id='word_1_189' title='bbox 985 2545 1074 2598; x_wconf 73' lang='lat' dir='ltr'><strong>lala:</strong></span> <span class='ocrx_word' id='word_1_190' title='bbox 1093 2543 1250 2610; x_wconf 79' lang='lat' dir='ltr'><strong>„Nimirum</strong></span> <span class='ocrx_word' id='word_1_191' title='bbox 1270 2547 1385 2614; x_wconf 84' lang='lat' dir='ltr'><strong>proprie</strong></span> <span class='ocrx_word' id='word_1_192' title='bbox 1403 2547 1501 2601; x_wconf 68' lang='lat' dir='ltr'><strong>scaber</strong></span> 
     </span>
     <span class='ocr_line' id='line_1_24' title="bbox 328 2612 1500 2694; baseline -0.006 -23"><span class='ocrx_word' id='word_1_193' title='bbox 328 2617 394 2671; x_wconf 90' lang='lat' dir='ltr'><strong>duni</strong></span> <span class='ocrx_word' id='word_1_194' title='bbox 412 2616 477 2669; x_wconf 89' lang='lat' dir='ltr'><strong>luit:</strong></span> <span class='ocrx_word' id='word_1_195' title='bbox 498 2617 579 2670; x_wconf 79' lang='lat' dir='ltr'><strong>Folia</strong></span> <span class='ocrx_word' id='word_1_196' title='bbox 598 2616 711 2669; x_wconf 82' lang='lat' dir='ltr'><strong>Italiam</strong></span> <span class='ocrx_word' id='word_1_197' title='bbox 721 2615 806 2694; x_wconf 67' lang='lat' dir='ltr'><strong>pretist</strong></span> <span class='ocrx_word' id='word_1_198' title='bbox 823 2621 911 2681; x_wconf 55' lang='lat' dir='ltr'><strong>artem</strong></span> <span class='ocrx_word' id='word_1_199' title='bbox 942 2612 990 2666; x_wconf 84' lang='lat' dir='ltr'><strong>sed</strong></span> <span class='ocrx_word' id='word_1_200' title='bbox 1008 2627 1147 2691; x_wconf 25' lang='lat' dir='ltr'><strong>cumnvoe.</strong></span> <span class='ocrx_word' id='word_1_201' title='bbox 1165 2618 1223 2689; x_wconf 77' lang='lat' dir='ltr'><strong>cato</strong></span> <span class='ocrx_word' id='word_1_202' title='bbox 1253 2615 1415 2690; x_wconf 72' lang='lat' dir='ltr'><strong>sententiae</strong></span> <span class='ocrx_word' id='word_1_203' title='bbox 1430 2615 1500 2667; x_wconf 80' lang='lat' dir='ltr'><strong>inrer-</strong></span> 
     </span>
     <span class='ocr_line' id='line_1_25' title="bbox 331 2681 1500 2749; baseline -0.001 -13"><span class='ocrx_word' id='word_1_204' title='bbox 331 2684 432 2736; x_wconf 85' lang='lat' dir='ltr'><strong>sionem</strong></span> <span class='ocrx_word' id='word_1_205' title='bbox 450 2682 592 2744; x_wconf 84' lang='lat' dir='ltr'><strong>effecisset,</strong></span> <span class='ocrx_word' id='word_1_206' title='bbox 611 2682 673 2736; x_wconf 89' lang='lat' dir='ltr'><strong>inde</strong></span> <span class='ocrx_word' id='word_1_207' title='bbox 691 2681 819 2736; x_wconf 86' lang='lat' dir='ltr'><strong>etiamid</strong></span> <span class='ocrx_word' id='word_1_208' title='bbox 841 2681 1015 2743; x_wconf 85' lang='lat' dir='ltr'><strong>vocabulum,</strong></span> <span class='ocrx_word' id='word_1_209' title='bbox 1045 2695 1087 2732; x_wconf 92' lang='lat' dir='ltr'><strong>cni</strong></span> <span class='ocrx_word' id='word_1_210' title='bbox 1104 2694 1222 2733; x_wconf 85' lang='lat' dir='ltr'><strong>maxima</strong></span> <span class='ocrx_word' id='word_1_211' title='bbox 1241 2695 1284 2732; x_wconf 81' lang='lat' dir='ltr'><strong>ris</strong></span> <span class='ocrx_word' id='word_1_212' title='bbox 1303 2682 1393 2749; x_wconf 83' lang='lat' dir='ltr'><strong>inest,</strong></span> <span class='ocrx_word' id='word_1_213' title='bbox 1421 2684 1446 2735; x_wconf 91' lang='lat' dir='ltr'><strong>in</strong></span> <span class='ocrx_word' id='word_1_214' title='bbox 1462 2682 1500 2734; x_wconf 79' lang='lat' dir='ltr'><strong>lire</strong></span> 
     </span>
    </p>
   </div>
   <div class='ocr_carea' id='block_1_5' title="bbox 242 2746 1499 2818">
    <p class='ocr_par' dir='ltr' id='par_1_6' title="bbox 242 2746 1499 2818">
     <span class='ocr_line' id='line_1_26' title="bbox 242 2746 1499 2818; baseline 0.002 -18"><span class='ocrx_word' id='word_1_215' title='bbox 242 2786 249 2800; x_wconf 93' lang='lat'><strong>.</strong></span> <span class='ocrx_word' id='word_1_216' title='bbox 329 2749 481 2804; x_wconf 85' lang='lat' dir='ltr'><strong>sententiae</strong></span> <span class='ocrx_word' id='word_1_217' title='bbox 499 2750 683 2803; x_wconf 89' lang='lat' dir='ltr'><strong>collocandum</strong></span> <span class='ocrx_word' id='word_1_218' title='bbox 709 2749 793 2815; x_wconf 58' lang='lat' dir='ltr'><strong>ruite*</strong></span> <span class='ocrx_word' id='word_1_219' title='bbox 814 2765 896 2818; x_wconf 89' lang='lat' dir='ltr'><strong>quare</strong></span> <span class='ocrx_word' id='word_1_220' title='bbox 915 2764 968 2802; x_wconf 90' lang='lat' dir='ltr'><strong>non</strong></span> <span class='ocrx_word' id='word_1_221' title='bbox 986 2747 1074 2802; x_wconf 88' lang='lat' dir='ltr'><strong>solnm</strong></span> <span class='ocrx_word' id='word_1_222' title='bbox 1092 2746 1174 2814; x_wconf 83' lang='lat' dir='ltr'><strong>Sipfl.</strong></span> <span class='ocrx_word' id='word_1_223' title='bbox 1192 2751 1221 2799; x_wconf 89' lang='lat' dir='ltr'><strong>et</strong></span> <span class='ocrx_word' id='word_1_224' title='bbox 1239 2746 1349 2816; x_wconf 60' lang='grc' dir='ltr'>(ἰοῦσι,</span> <span class='ocrx_word' id='word_1_225' title='bbox 1369 2750 1418 2803; x_wconf 84' lang='lat' dir='ltr'><strong>sed</strong></span> <span class='ocrx_word' id='word_1_226' title='bbox 1435 2750 1499 2803; x_wconf 70' lang='lat' dir='ltr'><strong>etan</strong></span> 
     </span>
    </p>
   </div>
   <div class='ocr_carea' id='block_1_6' title="bbox 325 2814 1506 4846">
    <p class='ocr_par' dir='ltr' id='par_1_7' title="bbox 325 2814 1506 4846">
     <span class='ocr_line' id='line_1_27' title="bbox 329 2814 1498 2897; baseline 0 -27"><span class='ocrx_word' id='word_1_227' title='bbox 329 2816 425 2897; x_wconf 74' lang='lat' dir='ltr'><strong>Wagn.</strong></span> <span class='ocrx_word' id='word_1_228' title='bbox 444 2816 501 2886; x_wconf 88' lang='lat' dir='ltr'><strong>ipse</strong></span> <span class='ocrx_word' id='word_1_229' title='bbox 519 2815 545 2869; x_wconf 90' lang='lat' dir='ltr'><strong>in</strong></span> <span class='ocrx_word' id='word_1_230' title='bbox 565 2816 628 2870; x_wconf 91' lang='lat' dir='ltr'><strong>miii.</strong></span> <span class='ocrx_word' id='word_1_231' title='bbox 652 2816 725 2879; x_wconf 73' lang='lat' dir='ltr'><strong>edit..</strong></span> <span class='ocrx_word' id='word_1_232' title='bbox 744 2815 839 2885; x_wconf 82' lang='lat' dir='ltr'><strong>Bryee,</strong></span> <span class='ocrx_word' id='word_1_233' title='bbox 857 2815 997 2878; x_wconf 72' lang='lat' dir='ltr'><strong>Ribbeck,</strong></span> <span class='ocrx_word' id='word_1_234' title='bbox 1028 2814 1148 2877; x_wconf 70' lang='lat' dir='ltr'><strong>Ledam,</strong></span> <span class='ocrx_word' id='word_1_235' title='bbox 1178 2814 1310 2884; x_wconf 71' lang='lat' dir='ltr'><strong>Coningt.</strong></span> <span class='ocrx_word' id='word_1_236' title='bbox 1343 2821 1372 2872; x_wconf 87' lang='lat' dir='ltr'><strong>et</strong></span> <span class='ocrx_word' id='word_1_237' title='bbox 1399 2817 1498 2874; x_wconf 67' lang='lat' dir='ltr'><strong>Boeoti</strong></span> 
     </span>
     <span class='ocr_line' id='line_1_28' title="bbox 328 2882 1499 2954; baseline 0 -15"><span class='ocrx_word' id='word_1_238' title='bbox 328 2884 468 2939; x_wconf 90' lang='lat' dir='ltr'><strong>nobiseum</strong></span> <span class='ocrx_word' id='word_1_239' title='bbox 512 2884 572 2938; x_wconf 79' lang='lat' dir='ltr'><strong>cliii</strong></span> <span class='ocrx_word' id='word_1_240' title='bbox 602 2884 670 2950; x_wconf 79' lang='lat' dir='ltr'><strong>falia</strong></span> <span class='ocrx_word' id='word_1_241' title='bbox 702 2883 852 2937; x_wconf 85' lang='lat' dir='ltr'><strong>edidemnt.</strong></span> <span class='ocrx_word' id='word_1_242' title='bbox 870 2915 898 2924; x_wconf 96' lang='lat'><em>-</em></span> <span class='ocrx_word' id='word_1_243' title='bbox 922 2885 1008 2949; x_wconf 81' lang='lat' dir='ltr'><strong>fatie</strong></span> <span class='ocrx_word' id='word_1_244' title='bbox 1034 2882 1238 2937; x_wconf 71' lang='lat' dir='ltr'><strong>auctoribus.</strong></span> <span class='ocrx_word' id='word_1_245' title='bbox 1274 2883 1435 2954; x_wconf 74' lang='lat' dir='ltr'><strong>Conington</strong></span> <span class='ocrx_word' id='word_1_246' title='bbox 1454 2899 1499 2939; x_wconf 74' lang='lat' dir='ltr'><strong>corr</strong></span> 
     </span>
     <span class='ocr_line' id='line_1_29' title="bbox 329 2951 1499 3020; baseline -0.003 -14"><span class='ocrx_word' id='word_1_247' title='bbox 329 2953 383 3008; x_wconf 79' lang='lat' dir='ltr'><strong>lert</strong></span> <span class='ocrx_word' id='word_1_248' title='bbox 398 2951 465 3007; x_wconf 87' lang='lat' dir='ltr'>VIII</span> <span class='ocrx_word' id='word_1_249' title='bbox 502 2956 541 3007; x_wconf 83' lang='lat'><strong>³5.</strong></span> <span class='ocrx_word' id='word_1_250' title='bbox 561 2953 628 3005; x_wconf 79' lang='lat' dir='ltr'><strong>deus</strong></span> <span class='ocrx_word' id='word_1_251' title='bbox 641 2958 738 3005; x_wconf 82' lang='lat' dir='ltr'><strong>auctor</strong></span> <span class='ocrx_word' id='word_1_252' title='bbox 749 2952 855 3020; x_wconf 82' lang='lat' dir='ltr'><strong>Apollo</strong></span> <span class='ocrx_word' id='word_1_253' title='bbox 868 2952 897 3004; x_wconf 80' lang='lat' dir='ltr'><strong>et</strong></span> <span class='ocrx_word' id='word_1_254' title='bbox 913 2951 975 3014; x_wconf 90' lang='lat' dir='ltr'>XII,</span> <span class='ocrx_word' id='word_1_255' title='bbox 991 2955 1047 3005; x_wconf 76' lang='lat'><strong>159.</strong></span> <span class='ocrx_word' id='word_1_256' title='bbox 1066 2957 1166 3004; x_wconf 82' lang='lat' dir='ltr'><strong>auctor</strong></span> <span class='ocrx_word' id='word_1_257' title='bbox 1184 2966 1235 3019; x_wconf 70' lang='lat' dir='ltr'><strong>cao</strong></span> <span class='ocrx_word' id='word_1_258' title='bbox 1253 2953 1366 3007; x_wconf 76' lang='lat' dir='ltr'><strong>edendi.</strong></span> <span class='ocrx_word' id='word_1_259' title='bbox 1386 2961 1499 3006; x_wconf 78' lang='lat' dir='ltr'><strong>-esto</strong></span> 
     </span>
     <span class='ocr_line' id='line_1_30' title="bbox 329 2993 1499 3098; baseline -0.002 -24"><span class='ocrx_word' id='word_1_260' title='bbox 329 3020 390 3075; x_wconf 76' lang='lat' dir='ltr'><strong>vri.</strong></span> <span class='ocrx_word' id='word_1_261' title='bbox 409 3020 443 3074; x_wconf 75' lang='lat' dir='ltr'><strong>ai</strong></span> <span class='ocrx_word' id='word_1_262' title='bbox 464 2993 512 3084; x_wconf 85' lang='lat' dir='ltr'><strong>lv,</strong></span> <span class='ocrx_word' id='word_1_263' title='bbox 531 3024 571 3075; x_wconf 76' lang='lat' dir='ltr'><strong>rs.</strong></span> <span class='ocrx_word' id='word_1_264' title='bbox 590 3021 618 3073; x_wconf 77' lang='lat' dir='ltr'><strong>et</strong></span> <span class='ocrx_word' id='word_1_265' title='bbox 643 3018 710 3097; x_wconf 69' lang='lat' dir='ltr'><strong>pii,</strong></span> <span class='ocrx_word' id='word_1_266' title='bbox 732 3022 788 3072; x_wconf 84' lang='lat'><strong>313.</strong></span> <span class='ocrx_word' id='word_1_267' title='bbox 817 3048 851 3057; x_wconf 90' lang='lat'><em>-</em></span> <span class='ocrx_word' id='word_1_268' title='bbox 879 3017 935 3097; x_wconf 32' lang='lat' dir='ltr'><strong>aa..</strong></span> <span class='ocrx_word' id='word_1_269' title='bbox 955 3019 1048 3087; x_wconf 68' lang='lat' dir='ltr'><strong>„aar</strong></span> <span class='ocrx_word' id='word_1_270' title='bbox 1075 3018 1194 3097; x_wconf 60' lang='lat' dir='ltr'><strong>uraugia</strong></span> <span class='ocrx_word' id='word_1_271' title='bbox 1221 3018 1426 3098; x_wconf 62' lang='lat' dir='ltr'><strong>interpreatur</strong></span> <span class='ocrx_word' id='word_1_272' title='bbox 1446 3021 1499 3074; x_wconf 71' lang='lat' dir='ltr'><strong>im</strong></span> 
     </span>
     <span class='ocr_line' id='line_1_31' title="bbox 330 3084 1500 3153; baseline -0.003 -11"><span class='ocrx_word' id='word_1_273' title='bbox 330 3087 550 3142; x_wconf 67' lang='lat' dir='ltr'><strong>Cassandrae</strong></span> <span class='ocrx_word' id='word_1_274' title='bbox 578 3089 709 3152; x_wconf 77' lang='lat' dir='ltr'><strong>furtas,</strong></span> <span class='ocrx_word' id='word_1_275' title='bbox 744 3086 771 3140; x_wconf 94' lang='lat' dir='ltr'><strong>h.</strong></span> <span class='ocrx_word' id='word_1_276' title='bbox 803 3102 825 3140; x_wconf 90' lang='lat' dir='ltr'><strong>e.</strong></span> <span class='ocrx_word' id='word_1_277' title='bbox 856 3087 995 3150; x_wconf 89' lang='lat' dir='ltr'><strong>vaticinia,</strong></span> <span class='ocrx_word' id='word_1_278' title='bbox 1031 3086 1152 3153; x_wconf 75' lang='lat' dir='ltr'><strong>[rectinet</strong></span> <span class='ocrx_word' id='word_1_279' title='bbox 1187 3084 1317 3140; x_wconf 80' lang='lat' dir='ltr'><strong>furientis</strong></span> <span class='ocrx_word' id='word_1_280' title='bbox 1348 3087 1500 3142; x_wconf 68' lang='lat' dir='ltr'><strong>&amp;mdiu</strong></span> 
     </span>
     <span class='ocr_line' id='line_1_32' title="bbox 331 3152 1501 3228; baseline 0.002 -20"><span class='ocrx_word' id='word_1_281' title='bbox 331 3155 444 3220; x_wconf 88' lang='lat' dir='ltr'><strong>somnia]</strong></span> <span class='ocrx_word' id='word_1_282' title='bbox 464 3171 532 3224; x_wconf 89' lang='lat' dir='ltr'><strong>qnae</strong></span> <span class='ocrx_word' id='word_1_283' title='bbox 550 3154 610 3209; x_wconf 88' lang='lat' dir='ltr'><strong>ideo</strong></span> <span class='ocrx_word' id='word_1_284' title='bbox 628 3154 715 3222; x_wconf 84' lang='lat' dir='ltr'><strong>primo</strong></span> <span class='ocrx_word' id='word_1_285' title='bbox 735 3154 854 3208; x_wconf 89' lang='lat' dir='ltr'><strong>omnium</strong></span> <span class='ocrx_word' id='word_1_286' title='bbox 872 3153 930 3207; x_wconf 90' lang='lat' dir='ltr'><strong>loeo</strong></span> <span class='ocrx_word' id='word_1_287' title='bbox 942 3154 1061 3208; x_wconf 80' lang='lat' dir='ltr'><strong>Aeneam</strong></span> <span class='ocrx_word' id='word_1_288' title='bbox 1081 3152 1115 3206; x_wconf 87' lang='lat' dir='ltr'><strong>ad</strong></span> <span class='ocrx_word' id='word_1_289' title='bbox 1133 3152 1186 3205; x_wconf 86' lang='lat' dir='ltr'><strong>iter</strong></span> <span class='ocrx_word' id='word_1_290' title='bbox 1199 3154 1408 3222; x_wconf 86' lang='lat' dir='ltr'><strong>suscipiendum</strong></span> <span class='ocrx_word' id='word_1_291' title='bbox 1419 3156 1501 3228; x_wconf 57' lang='lat' dir='ltr'><strong>siege</strong></span> 
     </span>
     <span class='ocr_line' id='line_1_33' title="bbox 328 3219 1500 3292; baseline 0 -17"><span class='ocrx_word' id='word_1_292' title='bbox 328 3225 400 3277; x_wconf 88' lang='lat' dir='ltr'><strong>runt.</strong></span> <span class='ocrx_word' id='word_1_293' title='bbox 434 3222 476 3277; x_wconf 80' lang='lat' dir='ltr'><strong>Cf.</strong></span> <span class='ocrx_word' id='word_1_294' title='bbox 494 3223 544 3287; x_wconf 84' lang='grc' dir='ltr'>ΙΙΙ,</span> <span class='ocrx_word' id='word_1_295' title='bbox 568 3225 614 3277; x_wconf 79' lang='lat' dir='ltr'><strong>isa</strong></span> <span class='ocrx_word' id='word_1_296' title='bbox 628 3240 659 3292; x_wconf 89' lang='lat' dir='ltr'><strong>sq</strong></span> <span class='ocrx_word' id='word_1_297' title='bbox 679 3227 703 3276; x_wconf 83' lang='lat'><strong>.“</strong></span> <span class='ocrx_word' id='word_1_298' title='bbox 723 3222 812 3292; x_wconf 59' lang='lat' dir='ltr'><strong>Herpa.</strong></span> <span class='ocrx_word' id='word_1_299' title='bbox 846 3221 918 3275; x_wconf 86' lang='lat' dir='ltr'><strong>Haeo</strong></span> <span class='ocrx_word' id='word_1_300' title='bbox 931 3220 1013 3275; x_wconf 86' lang='lat' dir='ltr'><strong>verba</strong></span> <span class='ocrx_word' id='word_1_301' title='bbox 1024 3237 1071 3289; x_wconf 94' lang='lat' dir='ltr'><strong>pro</strong></span> <span class='ocrx_word' id='word_1_302' title='bbox 1083 3219 1277 3289; x_wconf 82' lang='lat' dir='ltr'><strong>synchoreseos</strong></span> <span class='ocrx_word' id='word_1_303' title='bbox 1288 3238 1369 3277; x_wconf 80' lang='lat' dir='ltr'><strong>exem</strong></span> <span class='ocrx_word' id='word_1_304' title='bbox 1398 3223 1500 3278; x_wconf 71' lang='lat' dir='ltr'><strong>oriem</strong></span> 
     </span>
     <span class='ocr_line' id='line_1_34' title="bbox 328 3239 1501 3367; baseline 0 -23"><span class='ocrx_word' id='word_1_305' title='bbox 328 3290 356 3344; x_wconf 92' lang='lat' dir='ltr'><strong>iii</strong></span> <span class='ocrx_word' id='word_1_306' title='bbox 373 3289 493 3345; x_wconf 84' lang='lat' dir='ltr'><strong>Anecdd.</strong></span> <span class='ocrx_word' id='word_1_307' title='bbox 512 3289 573 3343; x_wconf 89' lang='lat' dir='ltr'><strong>Par.</strong></span> <span class='ocrx_word' id='word_1_308' title='bbox 593 3290 636 3343; x_wconf 86' lang='lat' dir='ltr'><strong>ed.</strong></span> <span class='ocrx_word' id='word_1_309' title='bbox 657 3239 792 3344; x_wconf 62' lang='lat' dir='ltr'><strong>lekstem.</strong></span> <span class='ocrx_word' id='word_1_310' title='bbox 811 3308 838 3360; x_wconf 88' lang='lat' dir='ltr'><strong>p.</strong></span> <span class='ocrx_word' id='word_1_311' title='bbox 853 3296 877 3342; x_wconf 84' lang='grc'><strong>6.</strong></span> <span class='ocrx_word' id='word_1_312' title='bbox 892 3288 940 3343; x_wconf 90' lang='lat' dir='ltr'><strong>liii.</strong></span> <span class='ocrx_word' id='word_1_313' title='bbox 961 3292 999 3342; x_wconf 75' lang='lat' dir='ltr'><strong>lt.</strong></span> <span class='ocrx_word' id='word_1_314' title='bbox 1020 3287 1353 3367; x_wconf 79' lang='lat' dir='ltr'><strong>commemoralDietseh.</strong></span> <span class='ocrx_word' id='word_1_315' title='bbox 1395 3292 1422 3346; x_wconf 88' lang='lat' dir='ltr'><strong>h.</strong></span> <span class='ocrx_word' id='word_1_316' title='bbox 1434 3291 1501 3356; x_wconf 77' lang='lat' dir='ltr'><strong>Verg-</strong></span> 
     </span>
     <span class='ocr_line' id='line_1_35' title="bbox 328 3355 1500 3425; baseline -0.001 -16"><span class='ocrx_word' id='word_1_317' title='bbox 328 3373 355 3425; x_wconf 93' lang='lat' dir='ltr'><strong>p.</strong></span> <span class='ocrx_word' id='word_1_318' title='bbox 376 3363 416 3410; x_wconf 80' lang='lat'><strong>³5.</strong></span> <span class='ocrx_word' id='word_1_319' title='bbox 436 3358 493 3411; x_wconf 83' lang='lat' dir='ltr'><strong>nol.</strong></span> <span class='ocrx_word' id='word_1_320' title='bbox 511 3359 580 3422; x_wconf 78' lang='grc'>265,</span> <span class='ocrx_word' id='word_1_321' title='bbox 599 3356 631 3411; x_wconf 88' lang='lat' dir='ltr'><strong>de</strong></span> <span class='ocrx_word' id='word_1_322' title='bbox 649 3358 721 3410; x_wconf 89' lang='lat' dir='ltr'><strong>omni</strong></span> <span class='ocrx_word' id='word_1_323' title='bbox 740 3358 767 3411; x_wconf 93' lang='lat' dir='ltr'><strong>h.</strong></span> <span class='ocrx_word' id='word_1_324' title='bbox 786 3357 806 3410; x_wconf 93' lang='lat' dir='ltr'><strong>l.</strong></span> <span class='ocrx_word' id='word_1_325' title='bbox 825 3356 978 3411; x_wconf 81' lang='lat' dir='ltr'><strong>accuratius</strong></span> <span class='ocrx_word' id='word_1_326' title='bbox 1007 3356 1163 3425; x_wconf 84' lang='lat' dir='ltr'><strong>disputans,</strong></span> <span class='ocrx_word' id='word_1_327' title='bbox 1183 3359 1217 3407; x_wconf 90' lang='lat' dir='ltr'><strong>ut</strong></span> <span class='ocrx_word' id='word_1_328' title='bbox 1234 3355 1382 3423; x_wconf 89' lang='lat' dir='ltr'><strong>Iunonem,</strong></span> <span class='ocrx_word' id='word_1_329' title='bbox 1420 3375 1466 3412; x_wconf 84' lang='lat' dir='ltr'><strong>nie</strong></span> <span class='ocrx_word' id='word_1_330' title='bbox 1479 3370 1500 3408; x_wconf 86' lang='lat' dir='ltr'><strong>re</strong></span> 
     </span>
     <span class='ocr_line' id='line_1_36' title="bbox 419 3422 1501 3560; baseline 0.003 -17.69"><span class='ocrx_word' id='word_1_331' title='bbox 419 3423 975 3560; x_wconf 53' lang='lat' dir='ltr'><strong>risere:urreisia&gt;</strong></span> <span class='ocrx_word' id='word_1_332' title='bbox 988 3422 1501 3560; x_wconf 59' lang='lat' dir='ltr'><strong>irrememurai</strong></span> 
     </span>
     <span class='ocr_line' id='line_1_37' title="bbox 330 3530 1500 3630; baseline 0.007 -21"><span class='ocrx_word' id='word_1_333' title='bbox 330 3554 401 3610; x_wconf 86' lang='lat' dir='ltr'><strong>dacii</strong></span> <span class='ocrx_word' id='word_1_334' title='bbox 418 3557 560 3625; x_wconf 89' lang='lat' dir='ltr'><strong>opprobrio</strong></span> <span class='ocrx_word' id='word_1_335' title='bbox 577 3557 691 3610; x_wconf 88' lang='lat' dir='ltr'><strong>tutetur.</strong></span> <span class='ocrx_word' id='word_1_336' title='bbox 710 3587 743 3596; x_wconf 96' lang='lat'><strong>—</strong></span> <span class='ocrx_word' id='word_1_337' title='bbox 761 3530 810 3611; x_wconf 72' lang='lat' dir='ltr'><strong>lla</strong></span> <span class='ocrx_word' id='word_1_338' title='bbox 838 3575 915 3612; x_wconf 84' lang='lat' dir='ltr'><strong>aere</strong></span> <span class='ocrx_word' id='word_1_339' title='bbox 933 3568 1058 3622; x_wconf 79' lang='lat' dir='ltr'><strong>caetra,</strong></span> <span class='ocrx_word' id='word_1_340' title='bbox 1077 3556 1148 3627; x_wconf 90' lang='lat' dir='ltr'><strong>qnod</strong></span> <span class='ocrx_word' id='word_1_341' title='bbox 1165 3558 1271 3612; x_wconf 86' lang='lat' dir='ltr'><strong>iaetniii</strong></span> <span class='ocrx_word' id='word_1_342' title='bbox 1290 3564 1336 3614; x_wconf 87' lang='lat' dir='ltr'><strong>est</strong></span> <span class='ocrx_word' id='word_1_343' title='bbox 1358 3535 1409 3630; x_wconf 76' lang='lat' dir='ltr'>IX,</span> <span class='ocrx_word' id='word_1_344' title='bbox 1428 3566 1500 3630; x_wconf 58' lang='grc' dir='ltr'><strong>ὅκῃ</strong></span> 
     </span>
     <span class='ocr_line' id='line_1_38' title="bbox 329 3623 1501 3705; baseline 0.008 -29"><span class='ocrx_word' id='word_1_345' title='bbox 329 3654 361 3662; x_wconf 87' lang='lat'><strong>—-</strong></span> <span class='ocrx_word' id='word_1_346' title='bbox 380 3624 514 3676; x_wconf 85' lang='lat' dir='ltr'><strong>lortali</strong></span> <span class='ocrx_word' id='word_1_347' title='bbox 535 3641 651 3688; x_wconf 81' lang='lat' dir='ltr'><strong>sumus,</strong></span> <span class='ocrx_word' id='word_1_348' title='bbox 671 3640 721 3692; x_wconf 86' lang='lat' dir='ltr'><strong>ego</strong></span> <span class='ocrx_word' id='word_1_349' title='bbox 738 3623 781 3677; x_wconf 84' lang='lat' dir='ltr'><strong>vel</strong></span> <span class='ocrx_word' id='word_1_350' title='bbox 828 3624 871 3678; x_wconf 86' lang='lat' dir='ltr'><strong>ius</strong></span> <span class='ocrx_word' id='word_1_351' title='bbox 891 3625 951 3705; x_wconf 88' lang='lat' dir='ltr'><strong>quis</strong></span> <span class='ocrx_word' id='word_1_352' title='bbox 968 3626 1034 3680; x_wconf 88' lang='lat' dir='ltr'><strong>deus</strong></span> <span class='ocrx_word' id='word_1_353' title='bbox 1052 3642 1156 3680; x_wconf 87' lang='lat' dir='ltr'><strong>meeum</strong></span> <span class='ocrx_word' id='word_1_354' title='bbox 1174 3625 1279 3680; x_wconf 81' lang='lat' dir='ltr'><strong>faciens</strong></span> <span class='ocrx_word' id='word_1_355' title='bbox 1298 3629 1346 3694; x_wconf 85' lang='lat' dir='ltr'><strong>(ei.</strong></span> <span class='ocrx_word' id='word_1_356' title='bbox 1367 3648 1395 3695; x_wconf 83' lang='lat' dir='ltr'><strong>v,</strong></span> <span class='ocrx_word' id='word_1_357' title='bbox 1415 3634 1501 3693; x_wconf 73' lang='lat'><strong>72).-</strong></span> 
     </span>
     <span class='ocr_line' id='line_1_39' title="bbox 329 3690 1502 3763; baseline 0.008 -20"><span class='ocrx_word' id='word_1_358' title='bbox 329 3690 470 3755; x_wconf 83' lang='lat' dir='ltr'><strong>,‚oeiilir‚</strong></span> <span class='ocrx_word' id='word_1_359' title='bbox 492 3690 646 3763; x_wconf 79' lang='grc' dir='ltr'><strong><em>ῥητορικῶς</em></strong></span> <span class='ocrx_word' id='word_1_360' title='bbox 662 3690 695 3746; x_wconf 87' lang='lat' dir='ltr'><strong>de</strong></span> <span class='ocrx_word' id='word_1_361' title='bbox 712 3692 775 3745; x_wconf 82' lang='lat' dir='ltr'><strong>navi</strong></span> <span class='ocrx_word' id='word_1_362' title='bbox 795 3693 886 3746; x_wconf 87' lang='lat' dir='ltr'><strong>atione</strong></span> <span class='ocrx_word' id='word_1_363' title='bbox 899 3710 926 3745; x_wconf 91' lang='lat' dir='ltr'><strong>iii</strong></span> <span class='ocrx_word' id='word_1_364' title='bbox 939 3694 1036 3759; x_wconf 87' lang='lat' dir='ltr'><strong>Tiberi,</strong></span> <span class='ocrx_word' id='word_1_365' title='bbox 1057 3709 1111 3763; x_wconf 91' lang='lat' dir='ltr'><strong>qua</strong></span> <span class='ocrx_word' id='word_1_366' title='bbox 1123 3692 1279 3747; x_wconf 83' lang='lat' dir='ltr'><strong>Evandrum</strong></span> <span class='ocrx_word' id='word_1_367' title='bbox 1300 3698 1330 3749; x_wconf 89' lang='lat' dir='ltr'><strong>et</strong></span> <span class='ocrx_word' id='word_1_368' title='bbox 1353 3698 1419 3754; x_wconf 90' lang='lat' dir='ltr'><strong>inde</strong></span> <span class='ocrx_word' id='word_1_369' title='bbox 1434 3698 1502 3752; x_wconf 76' lang='lat' dir='ltr'><strong>aar·</strong></span> 
     </span>
     <span class='ocr_line' id='line_1_40' title="bbox 328 3758 1502 3830; baseline 0.007 -18"><span class='ocrx_word' id='word_1_370' title='bbox 328 3774 387 3812; x_wconf 88' lang='lat' dir='ltr'><strong>scos</strong></span> <span class='ocrx_word' id='word_1_371' title='bbox 406 3758 486 3827; x_wconf 86' lang='lat' dir='ltr'><strong>petiit</strong></span> <span class='ocrx_word' id='word_1_372' title='bbox 502 3758 637 3813; x_wconf 82' lang='lat' dir='ltr'><strong>Aeneas.“</strong></span> <span class='ocrx_word' id='word_1_373' title='bbox 668 3759 713 3811; x_wconf 87' lang='lat' dir='ltr'><strong>Hc</strong></span> <span class='ocrx_word' id='word_1_374' title='bbox 751 3799 758 3812; x_wconf 88' lang='lat'><strong>.</strong></span> <span class='ocrx_word' id='word_1_375' title='bbox 811 3759 848 3812; x_wconf 88' lang='lat' dir='ltr'><strong>id.</strong></span> <span class='ocrx_word' id='word_1_376' title='bbox 867 3759 942 3822; x_wconf 88' lang='lat' dir='ltr'>VIII,</span> <span class='ocrx_word' id='word_1_377' title='bbox 962 3767 994 3816; x_wconf 84' lang='grc'><strong>36</strong></span> <span class='ocrx_word' id='word_1_378' title='bbox 1012 3778 1070 3830; x_wconf 86' lang='lat' dir='ltr'><strong>sqq.</strong></span> <span class='ocrx_word' id='word_1_379' title='bbox 1089 3762 1216 3815; x_wconf 83' lang='lat' dir='ltr'><strong>Ceterum</strong></span> <span class='ocrx_word' id='word_1_380' title='bbox 1239 3760 1274 3815; x_wconf 83' lang='lat' dir='ltr'><strong>cf.</strong></span> <span class='ocrx_word' id='word_1_381' title='bbox 1295 3764 1346 3827; x_wconf 87' lang='lat' dir='ltr'><strong>XI,</strong></span> <span class='ocrx_word' id='word_1_382' title='bbox 1368 3771 1428 3821; x_wconf 81' lang='lat'><strong>560.</strong></span> <span class='ocrx_word' id='word_1_383' title='bbox 1445 3782 1502 3819; x_wconf 65' lang='lat' dir='ltr'><strong>cor</strong></span> 
     </span>
     <span class='ocr_line' id='line_1_41' title="bbox 328 3824 1504 3899; baseline 0.003 -19"><span class='ocrx_word' id='word_1_384' title='bbox 328 3826 434 3880; x_wconf 69' lang='lat' dir='ltr'><strong>mallee</strong></span> <span class='ocrx_word' id='word_1_385' title='bbox 462 3827 548 3880; x_wconf 63' lang='lat' dir='ltr'><strong>auru.</strong></span> <span class='ocrx_word' id='word_1_386' title='bbox 581 3826 683 3880; x_wconf 81' lang='lat' dir='ltr'><strong>Auctor</strong></span> <span class='ocrx_word' id='word_1_387' title='bbox 729 3824 809 3881; x_wconf 89' lang='lat' dir='ltr'><strong>edeae</strong></span> <span class='ocrx_word' id='word_1_388' title='bbox 839 3828 866 3879; x_wconf 91' lang='lat' dir='ltr'><strong>iii</strong></span> <span class='ocrx_word' id='word_1_389' title='bbox 885 3828 968 3882; x_wconf 80' lang='lat' dir='ltr'><strong>Anth.</strong></span> <span class='ocrx_word' id='word_1_390' title='bbox 986 3829 1046 3882; x_wconf 89' lang='lat' dir='ltr'><strong>Lat.</strong></span> <span class='ocrx_word' id='word_1_391' title='bbox 1066 3830 1089 3896; x_wconf 85' lang='lat'><strong>1,</strong></span> <span class='ocrx_word' id='word_1_392' title='bbox 1110 3832 1166 3890; x_wconf 81' lang='lat' dir='ltr'><strong>iis,</strong></span> <span class='ocrx_word' id='word_1_393' title='bbox 1186 3830 1236 3882; x_wconf 80' lang='lat'><strong>264</strong></span> <span class='ocrx_word' id='word_1_394' title='bbox 1256 3845 1299 3899; x_wconf 87' lang='lat' dir='ltr'><strong>sq.</strong></span> <span class='ocrx_word' id='word_1_395' title='bbox 1320 3831 1397 3887; x_wconf 91' lang='lat' dir='ltr'><strong>hune</strong></span> <span class='ocrx_word' id='word_1_396' title='bbox 1428 3835 1504 3888; x_wconf 83' lang='lat' dir='ltr'><strong>locun</strong></span> 
     </span>
     <span class='ocr_line' id='line_1_42' title="bbox 330 3893 1502 3956; baseline 0.001 -9"><span class='ocrx_word' id='word_1_397' title='bbox 330 3893 367 3948; x_wconf 90' lang='lat' dir='ltr'><strong>sie</strong></span> <span class='ocrx_word' id='word_1_398' title='bbox 386 3894 523 3949; x_wconf 85' lang='lat' dir='ltr'><strong>imitatur:</strong></span> <span class='ocrx_word' id='word_1_399' title='bbox 536 3924 548 3935; x_wconf 92' lang='lat'>-</span> <span class='ocrx_word' id='word_1_400' title='bbox 562 3923 573 3934; x_wconf 94' lang='lat'><strong>·</strong></span> <span class='ocrx_word' id='word_1_401' title='bbox 584 3901 634 3947; x_wconf 77' lang='lat' dir='ltr'><strong>citt</strong></span> <span class='ocrx_word' id='word_1_402' title='bbox 651 3894 736 3948; x_wconf 78' lang='lat' dir='ltr'><strong>cuam</strong></span> <span class='ocrx_word' id='word_1_403' title='bbox 753 3895 917 3949; x_wconf 79' lang='lat' dir='ltr'><strong>committere</strong></span> <span class='ocrx_word' id='word_1_404' title='bbox 933 3898 1020 3950; x_wconf 79' lang='lat' dir='ltr'><strong>oeulis</strong></span> <span class='ocrx_word' id='word_1_405' title='bbox 1033 3897 1153 3950; x_wconf 72' lang='lat' dir='ltr'><strong>Hortari</strong></span> <span class='ocrx_word' id='word_1_406' title='bbox 1167 3895 1278 3948; x_wconf 73' lang='lat' dir='ltr'><strong>sumus!</strong></span> <span class='ocrx_word' id='word_1_407' title='bbox 1297 3929 1332 3938; x_wconf 90' lang='lat'>—</span> <span class='ocrx_word' id='word_1_408' title='bbox 1350 3901 1423 3956; x_wconf 85' lang='lat' dir='ltr'><strong>Cum</strong></span> <span class='ocrx_word' id='word_1_409' title='bbox 1439 3918 1461 3953; x_wconf 81' lang='lat' dir='ltr'><strong>r.</strong></span> <span class='ocrx_word' id='word_1_410' title='bbox 1473 3902 1502 3950; x_wconf 74' lang='lat' dir='ltr'><strong>il.</strong></span> 
     </span>
     <span class='ocr_line' id='line_1_43' title="bbox 330 3961 1503 4046; baseline 0 -31"><span class='ocrx_word' id='word_1_411' title='bbox 330 3962 364 4015; x_wconf 87' lang='lat' dir='ltr'><strong>ef.</strong></span> <span class='ocrx_word' id='word_1_412' title='bbox 385 3962 462 4018; x_wconf 81' lang='lat' dir='ltr'><strong>ovid.</strong></span> <span class='ocrx_word' id='word_1_413' title='bbox 479 3964 513 4016; x_wconf 80' lang='lat' dir='ltr'><strong>A.</strong></span> <span class='ocrx_word' id='word_1_414' title='bbox 531 3963 562 4016; x_wconf 78' lang='lat' dir='ltr'><strong>A.</strong></span> <span class='ocrx_word' id='word_1_415' title='bbox 580 3961 603 4028; x_wconf 88' lang='grc' dir='ltr'><strong>Ι,</strong></span> <span class='ocrx_word' id='word_1_416' title='bbox 624 3964 679 4016; x_wconf 82' lang='lat'>182.</span> <span class='ocrx_word' id='word_1_417' title='bbox 715 3962 851 4032; x_wconf 76' lang='lat' dir='ltr'><strong>Bellaque</strong></span> <span class='ocrx_word' id='word_1_418' title='bbox 878 3982 934 4017; x_wconf 79' lang='lat' dir='ltr'><strong>aori</strong></span> <span class='ocrx_word' id='word_1_419' title='bbox 1031 3982 1048 4018; x_wconf 94' lang='lat' dir='ltr'><strong>o</strong></span> <span class='ocrx_word' id='word_1_420' title='bbox 1077 3971 1179 4017; x_wconf 83' lang='lat' dir='ltr'><strong>tractat</strong></span> <span class='ocrx_word' id='word_1_421' title='bbox 1206 3968 1319 4031; x_wconf 69' lang='lat' dir='ltr'><strong>aqmda</strong></span> <span class='ocrx_word' id='word_1_422' title='bbox 1334 3985 1421 4046; x_wconf 77' lang='lat' dir='ltr'><strong>puer.</strong></span> <span class='ocrx_word' id='word_1_423' title='bbox 1453 3964 1503 4018; x_wconf 82' lang='lat' dir='ltr'><strong>Vid.</strong></span> 
     </span>
     <span class='ocr_line' id='line_1_44' title="bbox 328 4029 1503 4103; baseline 0.002 -20"><span class='ocrx_word' id='word_1_424' title='bbox 328 4029 409 4085; x_wconf 86' lang='lat' dir='ltr'><strong>etiam</strong></span> <span class='ocrx_word' id='word_1_425' title='bbox 429 4031 494 4085; x_wconf 81' lang='lat' dir='ltr'><strong>Aen.</strong></span> <span class='ocrx_word' id='word_1_426' title='bbox 513 4030 561 4095; x_wconf 86' lang='lat' dir='ltr'><strong>IX,</strong></span> <span class='ocrx_word' id='word_1_427' title='bbox 582 4033 640 4084; x_wconf 80' lang='lat'><strong>620.</strong></span> <span class='ocrx_word' id='word_1_428' title='bbox 669 4060 702 4070; x_wconf 89' lang='lat'><em>-</em></span> <span class='ocrx_word' id='word_1_429' title='bbox 733 4033 941 4085; x_wconf 82' lang='lat' dir='ltr'><strong>cummambe</strong></span> <span class='ocrx_word' id='word_1_430' title='bbox 980 4033 997 4086; x_wconf 71' lang='grc' dir='ltr'><strong>κ’.</strong></span> <span class='ocrx_word' id='word_1_431' title='bbox 1033 4032 1075 4085; x_wconf 83' lang='lat' dir='ltr'><strong>Cf.</strong></span> <span class='ocrx_word' id='word_1_432' title='bbox 1094 4030 1156 4093; x_wconf 85' lang='lat' dir='ltr'>XII,</span> <span class='ocrx_word' id='word_1_433' title='bbox 1175 4033 1233 4084; x_wconf 75' lang='lat'><strong>572.</strong></span> <span class='ocrx_word' id='word_1_434' title='bbox 1270 4030 1432 4103; x_wconf 75' lang='lat' dir='ltr'><strong>Conington</strong></span> <span class='ocrx_word' id='word_1_435' title='bbox 1457 4049 1503 4088; x_wconf 89' lang='lat' dir='ltr'><strong>coi·</strong></span> 
     </span>
     <span class='ocr_line' id='line_1_45' title="bbox 328 4096 1505 4165; baseline 0.003 -15"><span class='ocrx_word' id='word_1_436' title='bbox 328 4096 382 4151; x_wconf 84' lang='lat' dir='ltr'><strong>lert</strong></span> <span class='ocrx_word' id='word_1_437' title='bbox 395 4098 453 4152; x_wconf 86' lang='lat' dir='ltr'><strong>Liv.</strong></span> <span class='ocrx_word' id='word_1_438' title='bbox 465 4098 559 4165; x_wconf 84' lang='lat' dir='ltr'>XLIV,</span> <span class='ocrx_word' id='word_1_439' title='bbox 573 4101 607 4163; x_wconf 84' lang='lat'><strong>3.‚</strong></span> <span class='ocrx_word' id='word_1_440' title='bbox 626 4098 674 4152; x_wconf 91' lang='lat' dir='ltr'><strong>ubi</strong></span> <span class='ocrx_word' id='word_1_441' title='bbox 692 4098 773 4154; x_wconf 84' lang='lat' dir='ltr'><strong>etiam</strong></span> <span class='ocrx_word' id='word_1_442' title='bbox 791 4117 896 4153; x_wconf 85' lang='lat' dir='ltr'><strong>summa</strong></span> <span class='ocrx_word' id='word_1_443' title='bbox 908 4098 974 4151; x_wconf 81' lang='lat' dir='ltr'><strong>belli</strong></span> <span class='ocrx_word' id='word_1_444' title='bbox 992 4101 1020 4153; x_wconf 87' lang='lat' dir='ltr'><strong>et</strong></span> <span class='ocrx_word' id='word_1_445' title='bbox 1031 4098 1157 4163; x_wconf 83' lang='lat' dir='ltr'><strong>xxvin,</strong></span> <span class='ocrx_word' id='word_1_446' title='bbox 1172 4102 1207 4162; x_wconf 89' lang='grc'>9.,</span> <span class='ocrx_word' id='word_1_447' title='bbox 1225 4098 1273 4151; x_wconf 87' lang='lat' dir='ltr'><strong>ubi</strong></span> <span class='ocrx_word' id='word_1_448' title='bbox 1290 4119 1404 4158; x_wconf 69' lang='lat' dir='ltr'><strong>meamea</strong></span> <span class='ocrx_word' id='word_1_449' title='bbox 1420 4119 1505 4158; x_wconf 63' lang='lat' dir='ltr'><strong>reric.</strong></span> 
     </span>
     <span class='ocr_line' id='line_1_46' title="bbox 326 4164 1504 4238; baseline 0.003 -21"><span class='ocrx_word' id='word_1_450' title='bbox 326 4165 368 4217; x_wconf 81' lang='lat' dir='ltr'><strong>ei.</strong></span> <span class='ocrx_word' id='word_1_451' title='bbox 397 4166 478 4219; x_wconf 84' lang='lat' dir='ltr'><strong>etiam</strong></span> <span class='ocrx_word' id='word_1_452' title='bbox 496 4169 563 4221; x_wconf 84' lang='lat' dir='ltr'><strong>Aen.</strong></span> <span class='ocrx_word' id='word_1_453' title='bbox 582 4166 619 4231; x_wconf 89' lang='grc' dir='ltr'>ΙΙ,</span> <span class='ocrx_word' id='word_1_454' title='bbox 645 4169 702 4221; x_wconf 82' lang='lat'>322.</span> <span class='ocrx_word' id='word_1_455' title='bbox 734 4185 839 4221; x_wconf 81' lang='lat' dir='ltr'><strong>summa</strong></span> <span class='ocrx_word' id='word_1_456' title='bbox 868 4182 913 4219; x_wconf 81' lang='lat' dir='ltr'><strong>rea</strong></span> <span class='ocrx_word' id='word_1_457' title='bbox 941 4166 1030 4235; x_wconf 90' lang='lat' dir='ltr'><strong>ibique</strong></span> <span class='ocrx_word' id='word_1_458' title='bbox 1047 4166 1152 4220; x_wconf 88' lang='lat' dir='ltr'><strong>adnott.</strong></span> <span class='ocrx_word' id='word_1_459' title='bbox 1173 4193 1207 4203; x_wconf 87' lang='lat'><em>-</em></span> <span class='ocrx_word' id='word_1_460' title='bbox 1225 4164 1269 4224; x_wconf 81' lang='lat' dir='ltr'><strong>Vl.</strong></span> <span class='ocrx_word' id='word_1_461' title='bbox 1304 4171 1504 4238; x_wconf 73' lang='lat' dir='ltr'><strong>Tyrrhenas</strong></span> 
     </span>
     <span class='ocr_line' id='line_1_47' title="bbox 326 4231 1505 4312; baseline 0.006 -29"><span class='ocrx_word' id='word_1_462' title='bbox 326 4232 439 4309; x_wconf 69' lang='lat' dir='ltr'><strong>sidem</strong></span> <span class='ocrx_word' id='word_1_463' title='bbox 462 4236 616 4312; x_wconf 67' lang='lat' dir='ltr'><strong>epicure,</strong></span> <span class='ocrx_word' id='word_1_464' title='bbox 646 4233 797 4302; x_wconf 78' lang='lat' dir='ltr'><strong>Tyrrhenos</strong></span> <span class='ocrx_word' id='word_1_465' title='bbox 821 4233 991 4312; x_wconf 69' lang='lat' dir='ltr'><strong>qollieitando</strong></span> <span class='ocrx_word' id='word_1_466' title='bbox 1015 4234 1050 4288; x_wconf 88' lang='lat' dir='ltr'><strong>ad</strong></span> <span class='ocrx_word' id='word_1_467' title='bbox 1073 4231 1167 4312; x_wconf 75' lang='lat' dir='ltr'><strong>foedus</strong></span> <span class='ocrx_word' id='word_1_468' title='bbox 1190 4233 1339 4290; x_wconf 88' lang='lat' dir='ltr'><strong>ineundum</strong></span> <span class='ocrx_word' id='word_1_469' title='bbox 1367 4238 1505 4308; x_wconf 74' lang='lat' dir='ltr'><strong>impellere</strong></span> 
     </span>
     <span class='ocr_line' id='line_1_48' title="bbox 326 4297 1504 4360; baseline 0.008 -10"><span class='ocrx_word' id='word_1_470' title='bbox 326 4297 415 4351; x_wconf 76' lang='lat' dir='ltr'><strong>Frdes</strong></span> <span class='ocrx_word' id='word_1_471' title='bbox 443 4314 514 4352; x_wconf 90' lang='lat' dir='ltr'><strong>euim</strong></span> <span class='ocrx_word' id='word_1_472' title='bbox 542 4299 678 4354; x_wconf 86' lang='lat' dir='ltr'><strong>interdum</strong></span> <span class='ocrx_word' id='word_1_473' title='bbox 709 4305 751 4354; x_wconf 87' lang='lat' dir='ltr'><strong>est</strong></span> <span class='ocrx_word' id='word_1_474' title='bbox 780 4304 897 4354; x_wconf 85' lang='lat' dir='ltr'><strong>societas</strong></span> <span class='ocrx_word' id='word_1_475' title='bbox 928 4301 980 4355; x_wconf 87' lang='lat' dir='ltr'><strong>fide</strong></span> <span class='ocrx_word' id='word_1_476' title='bbox 1013 4301 1174 4355; x_wconf 81' lang='lat' dir='ltr'><strong>interemta</strong></span> <span class='ocrx_word' id='word_1_477' title='bbox 1206 4300 1309 4355; x_wconf 78' lang='lat' dir='ltr'><strong>iuncta</strong></span> <span class='ocrx_word' id='word_1_478' title='bbox 1359 4305 1403 4359; x_wconf 77' lang='lat' dir='ltr'><strong>Cf.</strong></span> <span class='ocrx_word' id='word_1_479' title='bbox 1433 4306 1504 4360; x_wconf 70' lang='lat' dir='ltr'><strong>etim</strong></span> 
     </span>
     <span class='ocr_line' id='line_1_49' title="bbox 327 4363 1505 4442; baseline 0.008 -23"><span class='ocrx_word' id='word_1_480' title='bbox 327 4365 433 4419; x_wconf 73' lang='lat' dir='ltr'><strong>adnuit</strong></span> <span class='ocrx_word' id='word_1_481' title='bbox 464 4363 499 4417; x_wconf 87' lang='lat' dir='ltr'><strong>ad</strong></span> <span class='ocrx_word' id='word_1_482' title='bbox 520 4366 709 4429; x_wconf 77' lang='lat' dir='ltr'><strong>V]1‚235.-</strong></span> <span class='ocrx_word' id='word_1_483' title='bbox 730 4368 1003 4438; x_wconf 74' lang='lat' dir='ltr'><strong>Tyrrhenamque</strong></span> <span class='ocrx_word' id='word_1_484' title='bbox 1031 4385 1061 4423; x_wconf 88' lang='lat' dir='ltr'><strong>ex</strong></span> <span class='ocrx_word' id='word_1_485' title='bbox 1108 4369 1166 4431; x_wconf 73' lang='lat' dir='ltr'><strong>etl,</strong></span> <span class='ocrx_word' id='word_1_486' title='bbox 1196 4368 1267 4423; x_wconf 79' lang='lat' dir='ltr'><strong>eud.</strong></span> <span class='ocrx_word' id='word_1_487' title='bbox 1302 4370 1505 4442; x_wconf 74' lang='lat' dir='ltr'><strong>aliisquebor‘r</strong></span> 
     </span>
     <span class='ocr_line' id='line_1_50' title="bbox 327 4433 1506 4507; baseline 0.004 -22"><span class='ocrx_word' id='word_1_488' title='bbox 327 4433 405 4487; x_wconf 88' lang='lat' dir='ltr'><strong>libris</strong></span> <span class='ocrx_word' id='word_1_489' title='bbox 434 4434 461 4486; x_wconf 84' lang='lat' dir='ltr'><strong>et</strong></span> <span class='ocrx_word' id='word_1_490' title='bbox 489 4448 520 4485; x_wconf 86' lang='lat' dir='ltr'><strong>ex</strong></span> <span class='ocrx_word' id='word_1_491' title='bbox 538 4433 638 4486; x_wconf 87' lang='lat' dir='ltr'><strong>Donati</strong></span> <span class='ocrx_word' id='word_1_492' title='bbox 656 4434 740 4489; x_wconf 86' lang='lat' dir='ltr'><strong>schol.</strong></span> <span class='ocrx_word' id='word_1_493' title='bbox 757 4436 791 4488; x_wconf 88' lang='lat' dir='ltr'><strong>ad</strong></span> <span class='ocrx_word' id='word_1_494' title='bbox 809 4436 869 4490; x_wconf 87' lang='lat' dir='ltr'><strong>Ter.</strong></span> <span class='ocrx_word' id='word_1_495' title='bbox 887 4435 970 4491; x_wconf 81' lang='lat' dir='ltr'><strong>Andr.</strong></span> <span class='ocrx_word' id='word_1_496' title='bbox 992 4436 1039 4501; x_wconf 88' lang='lat' dir='ltr'>IV,</span> <span class='ocrx_word' id='word_1_497' title='bbox 1059 4441 1083 4503; x_wconf 89' lang='grc'>3,</span> <span class='ocrx_word' id='word_1_498' title='bbox 1103 4442 1124 4491; x_wconf 90' lang='lat' dir='ltr'><strong>i.</strong></span> <span class='ocrx_word' id='word_1_499' title='bbox 1143 4452 1204 4490; x_wconf 89' lang='lat' dir='ltr'><strong>eum</strong></span> <span class='ocrx_word' id='word_1_500' title='bbox 1222 4436 1321 4507; x_wconf 80' lang='lat' dir='ltr'><strong>Wagn.</strong></span> <span class='ocrx_word' id='word_1_501' title='bbox 1343 4442 1506 4495; x_wconf 82' lang='lat' dir='ltr'><strong>restituImus</strong></span> 
     </span>
     <span class='ocr_line' id='line_1_51' title="bbox 326 4499 1505 4572; baseline 0.008 -18"><span class='ocrx_word' id='word_1_502' title='bbox 326 4516 375 4570; x_wconf 92' lang='lat' dir='ltr'><strong>pro</strong></span> <span class='ocrx_word' id='word_1_503' title='bbox 404 4499 510 4569; x_wconf 82' lang='lat' dir='ltr'><strong>vulgari</strong></span> <span class='ocrx_word' id='word_1_504' title='bbox 529 4500 739 4569; x_wconf 73' lang='lat' dir='ltr'><strong>Tyrrleiiamoe</strong></span> <span class='ocrx_word' id='word_1_505' title='bbox 771 4502 842 4572; x_wconf 88' lang='lat' dir='ltr'><strong>quod</strong></span> <span class='ocrx_word' id='word_1_506' title='bbox 871 4503 997 4558; x_wconf 86' lang='lat' dir='ltr'><strong>exhibent</strong></span> <span class='ocrx_word' id='word_1_507' title='bbox 1027 4504 1123 4572; x_wconf 77' lang='lat' dir='ltr'><strong>fragm.</strong></span> <span class='ocrx_word' id='word_1_508' title='bbox 1143 4504 1214 4567; x_wconf 76' lang='lat' dir='ltr'><strong>Ver,</strong></span> <span class='ocrx_word' id='word_1_509' title='bbox 1243 4504 1331 4568; x_wconf 87' lang='lat' dir='ltr'><strong>Rom,</strong></span> <span class='ocrx_word' id='word_1_510' title='bbox 1363 4508 1445 4562; x_wconf 88' lang='lat' dir='ltr'><strong>Bern.</strong></span> <span class='ocrx_word' id='word_1_511' title='bbox 1462 4506 1505 4562; x_wconf 84' lang='lat' dir='ltr'><strong>III</strong></span> 
     </span>
     <span class='ocr_line' id='line_1_52' title="bbox 328 4566 1506 4643; baseline 0.005 -22"><span class='ocrx_word' id='word_1_512' title='bbox 328 4568 403 4622; x_wconf 87' lang='lat' dir='ltr'><strong>etin</strong></span> <span class='ocrx_word' id='word_1_513' title='bbox 421 4583 516 4622; x_wconf 88' lang='lat' dir='ltr'><strong>rasura</strong></span> <span class='ocrx_word' id='word_1_514' title='bbox 527 4566 607 4622; x_wconf 91' lang='lat' dir='ltr'><strong>Bern.</strong></span> <span class='ocrx_word' id='word_1_515' title='bbox 621 4567 656 4621; x_wconf 93' lang='lat' dir='ltr'><strong>II.</strong></span> <span class='ocrx_word' id='word_1_516' title='bbox 684 4569 768 4625; x_wconf 85' lang='lat' dir='ltr'><strong>Recte</strong></span> <span class='ocrx_word' id='word_1_517' title='bbox 788 4571 860 4626; x_wconf 88' lang='lat' dir='ltr'><strong>enim</strong></span> <span class='ocrx_word' id='word_1_518' title='bbox 870 4571 964 4640; x_wconf 81' lang='lat' dir='ltr'><strong>Wagn.</strong></span> <span class='ocrx_word' id='word_1_519' title='bbox 978 4570 1027 4637; x_wconf 85' lang='lat' dir='ltr'><strong>Qu.</strong></span> <span class='ocrx_word' id='word_1_520' title='bbox 1047 4572 1127 4640; x_wconf 86' lang='lat' dir='ltr'><strong>Verg.</strong></span> <span class='ocrx_word' id='word_1_521' title='bbox 1142 4571 1265 4634; x_wconf 87' lang='lat' dir='ltr'>XXXVI,</span> <span class='ocrx_word' id='word_1_522' title='bbox 1287 4577 1342 4628; x_wconf 72' lang='lat' dir='ltr'><strong>ia:</strong></span> <span class='ocrx_word' id='word_1_523' title='bbox 1364 4577 1446 4643; x_wconf 79' lang='lat' dir='ltr'><strong>„Qec</strong></span> <span class='ocrx_word' id='word_1_524' title='bbox 1462 4589 1506 4629; x_wconf 88' lang='lat' dir='ltr'><strong>non</strong></span> 
     </span>
     <span class='ocr_line' id='line_1_53' title="bbox 325 4634 1506 4709; baseline 0.005 -20"><span class='ocrx_word' id='word_1_525' title='bbox 325 4653 360 4689; x_wconf 85' lang='lat' dir='ltr'><strong>ce</strong></span> <span class='ocrx_word' id='word_1_526' title='bbox 379 4635 550 4690; x_wconf 87' lang='lat' dir='ltr'><strong>scribendum</strong></span> <span class='ocrx_word' id='word_1_527' title='bbox 568 4651 634 4699; x_wconf 86' lang='lat' dir='ltr'><strong>esse,</strong></span> <span class='ocrx_word' id='word_1_528' title='bbox 654 4634 733 4691; x_wconf 86' lang='lat' dir='ltr'><strong>docet</strong></span> <span class='ocrx_word' id='word_1_529' title='bbox 761 4638 821 4706; x_wconf 86' lang='lat' dir='ltr'><strong>ipsa</strong></span> <span class='ocrx_word' id='word_1_530' title='bbox 837 4639 934 4691; x_wconf 90' lang='lat' dir='ltr'><strong>horum</strong></span> <span class='ocrx_word' id='word_1_531' title='bbox 963 4654 1088 4692; x_wconf 86' lang='lat' dir='ltr'><strong>versuum</strong></span> <span class='ocrx_word' id='word_1_532' title='bbox 1118 4640 1266 4703; x_wconf 84' lang='lat' dir='ltr'><strong>sententia,</strong></span> <span class='ocrx_word' id='word_1_533' title='bbox 1300 4657 1419 4709; x_wconf 88' lang='lat' dir='ltr'><strong>quornm</strong></span> <span class='ocrx_word' id='word_1_534' title='bbox 1445 4642 1506 4697; x_wconf 81' lang='lat' dir='ltr'><strong>alter</strong></span> 
     </span>
     <span class='ocr_line' id='line_1_54' title="bbox 330 4702 1505 4779; baseline 0.007 -24"><span class='ocrx_word' id='word_1_535' title='bbox 330 4702 454 4758; x_wconf 87' lang='lat' dir='ltr'><strong>illustrat</strong></span> <span class='ocrx_word' id='word_1_536' title='bbox 472 4703 601 4773; x_wconf 85' lang='lat' dir='ltr'><strong>priorem:</strong></span> <span class='ocrx_word' id='word_1_537' title='bbox 621 4718 683 4756; x_wconf 90' lang='lat' dir='ltr'><strong>nam</strong></span> <span class='ocrx_word' id='word_1_538' title='bbox 701 4705 817 4759; x_wconf 83' lang='lat' dir='ltr'><strong>Ascanio</strong></span> <span class='ocrx_word' id='word_1_539' title='bbox 829 4707 934 4760; x_wconf 82' lang='lat' dir='ltr'><strong>Aeneas</strong></span> <span class='ocrx_word' id='word_1_540' title='bbox 953 4710 1044 4760; x_wconf 85' lang='lat' dir='ltr'><strong>castra</strong></span> <span class='ocrx_word' id='word_1_541' title='bbox 1059 4706 1176 4760; x_wconf 89' lang='lat' dir='ltr'><strong>tutanda</strong></span> <span class='ocrx_word' id='word_1_542' title='bbox 1189 4705 1346 4776; x_wconf 88' lang='lat' dir='ltr'><strong>reliquerat,</strong></span> <span class='ocrx_word' id='word_1_543' title='bbox 1385 4710 1439 4765; x_wconf 86' lang='lat' dir='ltr'><strong>uod</strong></span> <span class='ocrx_word' id='word_1_544' title='bbox 1457 4712 1505 4779; x_wconf 84' lang='lat' dir='ltr'><strong>ipse</strong></span> 
     </span>
     <span class='ocr_line' id='line_1_55' title="bbox 331 4727 1503 4846; baseline 0.012 -24"><span class='ocrx_word' id='word_1_545' title='bbox 331 4771 459 4825; x_wconf 82' lang='lat' dir='ltr'><strong>auxilium</strong></span> <span class='ocrx_word' id='word_1_546' title='bbox 479 4771 592 4826; x_wconf 82' lang='lat' dir='ltr'><strong>alierum</strong></span> <span class='ocrx_word' id='word_1_547' title='bbox 623 4771 745 4839; x_wconf 86' lang='lat' dir='ltr'><strong>gentium</strong></span> <span class='ocrx_word' id='word_1_548' title='bbox 776 4774 892 4842; x_wconf 86' lang='lat' dir='ltr'><strong>petitum</strong></span> <span class='ocrx_word' id='word_1_549' title='bbox 911 4774 1022 4828; x_wconf 88' lang='lat' dir='ltr'><strong>abierat.</strong></span> <span class='ocrx_word' id='word_1_550' title='bbox 1059 4775 1133 4828; x_wconf 86' lang='lat' dir='ltr'><strong>Haec</strong></span> <span class='ocrx_word' id='word_1_551' title='bbox 1155 4774 1239 4842; x_wconf 79' lang='lat' dir='ltr'><strong>igitur</strong></span> <span class='ocrx_word' id='word_1_552' title='bbox 1267 4727 1410 4846; x_wconf 63' lang='lat' dir='ltr'><strong>iungenla</strong></span> <span class='ocrx_word' id='word_1_553' title='bbox 1426 4779 1503 4837; x_wconf 60' lang='lat' dir='ltr'><strong>eraut</strong></span> 
     </span>
    </p>
   </div>
   <div class='ocr_carea' id='block_1_7' title="bbox 323 4839 1504 4959">
    <p class='ocr_par' dir='ltr' id='par_1_8' title="bbox 323 4839 1504 4959">
     <span class='ocr_line' id='line_1_56' title="bbox 323 4839 1504 4959; baseline 0.007 -70"><span class='ocrx_word' id='word_1_554' title='bbox 323 4852 393 4900; x_wconf 83' lang='lat' dir='ltr'><strong>non,</strong></span> <span class='ocrx_word' id='word_1_555' title='bbox 413 4841 489 4959; x_wconf 89' lang='lat' dir='ltr'><strong>quasi</strong></span> <span class='ocrx_word' id='word_1_556' title='bbox 515 4839 587 4893; x_wconf 85' lang='lat' dir='ltr'><strong>inter</strong></span> <span class='ocrx_word' id='word_1_557' title='bbox 616 4856 644 4893; x_wconf 87' lang='lat' dir='ltr'><strong>se</strong></span> <span class='ocrx_word' id='word_1_558' title='bbox 665 4839 783 4903; x_wconf 79' lang='lat' dir='ltr'><strong>diversa,</strong></span> <span class='ocrx_word' id='word_1_559' title='bbox 813 4842 988 4909; x_wconf 81' lang='lat' dir='ltr'><strong>separanda.“</strong></span> <span class='ocrx_word' id='word_1_560' title='bbox 1024 4841 1082 4897; x_wconf 89' lang='lat' dir='ltr'><strong>Vid.</strong></span> <span class='ocrx_word' id='word_1_561' title='bbox 1114 4843 1195 4896; x_wconf 84' lang='lat' dir='ltr'><strong>etiam</strong></span> <span class='ocrx_word' id='word_1_562' title='bbox 1226 4843 1262 4896; x_wconf 87' lang='lat' dir='ltr'><strong>ad</strong></span> <span class='ocrx_word' id='word_1_563' title='bbox 1281 4843 1347 4899; x_wconf 82' lang='lat' dir='ltr'><strong>Geo.</strong></span> <span class='ocrx_word' id='word_1_564' title='bbox 1366 4846 1390 4908; x_wconf 91' lang='grc' dir='ltr'>Ι,</span> <span class='ocrx_word' id='word_1_565' title='bbox 1408 4850 1465 4902; x_wconf 79' lang='grc'><strong>442.</strong></span> <span class='ocrx_word' id='word_1_566' title='bbox 1482 4846 1504 4897; x_wconf 77' lang='lat' dir='ltr'><strong>el</strong></span> 
     </span>
    </p>
   </div>
   <div class='ocr_carea' id='block_1_8' title="bbox 330 4902 398 4957">
    <p class='ocr_par' dir='ltr' id='par_1_9' title="bbox 330 4902 398 4957">
     <span class='ocr_line' id='line_1_57' title="bbox 330 4902 398 4957; baseline 0.044 -3"><span class='ocrx_word' id='word_1_567' title='bbox 330 4902 398 4957; x_wconf 81' lang='lat' dir='ltr'><strong>Aen.</strong></span> 
     </span>
    </p>
   </div>
   <div class='ocr_carea' id='block_1_9' title="bbox 330 4906 1504 5043">
    <p class='ocr_par' dir='ltr' id='par_1_10' title="bbox 330 4906 1504 5043">
     <span class='ocr_line' id='line_1_58' title="bbox 370 4906 1504 4980; baseline 0.002 -20"><span class='ocrx_word' id='word_1_568' title='bbox 370 4970 375 4980; x_wconf 35' lang='grc' dir='ltr'>Ι</span> <span class='ocrx_word' id='word_1_569' title='bbox 430 4907 512 4971; x_wconf 71' lang='lat' dir='ltr'><strong>Lei.</strong></span> <span class='ocrx_word' id='word_1_570' title='bbox 546 4906 631 4963; x_wconf 81' lang='lat' dir='ltr'><strong>Thiel.</strong></span> <span class='ocrx_word' id='word_1_571' title='bbox 660 4906 775 4974; x_wconf 66' lang='lat' dir='ltr'><strong>Peerlk„</strong></span> <span class='ocrx_word' id='word_1_572' title='bbox 796 4908 885 4975; x_wconf 69' lang='lat' dir='ltr'><strong>slipi,</strong></span> <span class='ocrx_word' id='word_1_573' title='bbox 904 4910 995 4964; x_wconf 86' lang='lat' dir='ltr'><strong>Gossr.</strong></span> <span class='ocrx_word' id='word_1_574' title='bbox 1014 4910 1067 4976; x_wconf 77' lang='lat' dir='ltr'><strong>(hle</strong></span> <span class='ocrx_word' id='word_1_575' title='bbox 1087 4912 1178 4964; x_wconf 84' lang='lat' dir='ltr'><strong>tamen</strong></span> <span class='ocrx_word' id='word_1_576' title='bbox 1196 4910 1299 4979; x_wconf 82' lang='lat' dir='ltr'><strong>nolens,</strong></span> <span class='ocrx_word' id='word_1_577' title='bbox 1319 4917 1351 4967; x_wconf 90' lang='lat' dir='ltr'><strong>nt</strong></span> <span class='ocrx_word' id='word_1_578' title='bbox 1372 4932 1402 4968; x_wconf 83' lang='lat' dir='ltr'><strong>ex</strong></span> <span class='ocrx_word' id='word_1_579' title='bbox 1421 4914 1504 4967; x_wconf 79' lang='lat' dir='ltr'><strong>adnot.</strong></span> 
     </span>
     <span class='ocr_line' id='line_1_59' title="bbox 330 4947 644 5043; baseline 0.032 -20"><span class='ocrx_word' id='word_1_580' title='bbox 330 4968 437 5027; x_wconf 85' lang='lat' dir='ltr'><strong>adiecta</strong></span> <span class='ocrx_word' id='word_1_581' title='bbox 453 4989 582 5043; x_wconf 86' lang='lat' dir='ltr'><strong>apparere</strong></span> <span class='ocrx_word' id='word_1_582' title='bbox 599 4947 644 5032; x_wconf 70' lang='lat' dir='ltr'><strong>viil</strong></span> 
     </span>
    </p>
   </div>
   <div class='ocr_carea' id='block_1_10' title="bbox 646 4975 1505 5051">
    <p class='ocr_par' dir='ltr' id='par_1_11' title="bbox 646 4975 1505 5051">
     <span class='ocr_line' id='line_1_60' title="bbox 646 4975 1505 5051; baseline 0.005 -20"><span class='ocrx_word' id='word_1_583' title='bbox 646 4978 715 5043; x_wconf 88' lang='lat' dir='ltr'><strong>etur)</strong></span> <span class='ocrx_word' id='word_1_584' title='bbox 733 4977 762 5031; x_wconf 86' lang='lat' dir='ltr'><strong>et</strong></span> <span class='ocrx_word' id='word_1_585' title='bbox 776 4975 862 5044; x_wconf 86' lang='lat' dir='ltr'><strong>Bryee</strong></span> <span class='ocrx_word' id='word_1_586' title='bbox 879 4976 1045 5033; x_wconf 86' lang='lat' dir='ltr'><strong>Particulam</strong></span> <span class='ocrx_word' id='word_1_587' title='bbox 1067 4995 1098 5033; x_wconf 84' lang='lat' dir='ltr'><strong>ve</strong></span> <span class='ocrx_word' id='word_1_588' title='bbox 1119 4977 1300 5044; x_wconf 87' lang='lat' dir='ltr'><strong>retinuerunt,</strong></span> <span class='ocrx_word' id='word_1_589' title='bbox 1318 4981 1430 5051; x_wconf 81' lang='lat' dir='ltr'><strong>Haupt..</strong></span> <span class='ocrx_word' id='word_1_590' title='bbox 1448 4980 1505 5035; x_wconf 73' lang='lat' dir='ltr'><strong>iul</strong></span> 
     </span>
    </p>
   </div>
   <div class='ocr_carea' id='block_1_11' title="bbox 0 0 1686 5725">
    <p class='ocr_par' dir='ltr' id='par_1_12' title="bbox 0 0 1686 5725">
     <span class='ocr_line' id='line_1_61' title="bbox 0 0 1686 5725; baseline 0 0"><span class='ocrx_word' id='word_1_591' title='bbox 0 0 1686 5725; x_wconf 95' lang='lat' dir='ltr'><strong> </strong></span> 
     </span>
    </p>
   </div>
  </div>
 </body>
</html>
