3359 5725
559 533 789 599 AENEIDOS
812 537 896 601 LIB.
917 537 996 602 XII.

184 706 336 783 Pectora,
360 723 446 766 nuno
467 702 544 765 totis
566 702 600 765 in
619 697 756 764 volnera
776 701 903 767 viribus
920 704 992 768 itur.

184 787 375 852 Murranum
398 784 460 866 hic,
482 793 597 850 atavos
619 794 651 847 et
670 805 805 849 avorum
827 786 961 873 antiqua
983 794 1150 851 sonantem

187 871 328 935 Nomina
349 889 408 955 per
429 888 586 1014 regesque
606 874 713 931 actum
737 889 839 952 genus
863 891 958 934 omne
977 868 1125 952 Latinos,
1308 881 1358 931 530

185 952 402 1035 Praecipitem
424 972 559 1034 scopuo
582 959 677 1034 atque
697 949 838 1034 ingentis
863 950 993 1016 turbine
1016 954 1089 1016 saxi

187 1036 322 1100 Excutit
343 1032 543 1119 effunditque
566 1031 649 1113 solo;
671 1031 756 1097 huuc
777 1032 848 1099 lora
870 1046 902 1099 et
923 1036 1001 1119 iuga
1025 1033 1135 1099 subter

186 1117 385 1184 Provolvere
406 1126 507 1196 rotae,
530 1113 644 1179 crebro
668 1138 765 1200 super
784 1140 827 1182 un
853 1117 908 1182 ula
929 1117 1025 1203 pulsu

186 1203 290 1266 Incita
311 1222 371 1264 nec
393 1198 514 1263 domini
536 1220 713 1263 memorum
735 1140 906 1285 proculcat
929 1223 1094 1286 equorum.

187 1432 226 1484 rei
246 1433 285 1497 (et
302 1430 346 1484 hic
363 1430 470 1499 quidem
489 1432 671 1486 exaestuantis
689 1435 716 1486 ct
734 1447 793 1486 sese
811 1432 990 1501 extendentis)
1009 1433 1086 1504 eopia
1097 1433 1253 1503 implentur.
1274 1433 1358 1502 Heyu.

187 1502 327 1568 comparat
336 1497 399 1552 Geo.
410 1499 433 1563 1,
443 1503 494 1562 49..
506 1499 554 1552 ubi
564 1517 626 1553 mm
645 1507 729 1553 uuusr
744 1499 847 1553 horrea
865 1502 993 1554 muudus
1005 1504 1033 1556 et
1046 1501 1151 1556 adnott.
1163 1500 1199 1554 ud
1211 1500 1309 1554 libull.
1321 1501 1359 1563 11,

188 1570 213 1632 4,
232 1569 273 1623 84.
309 1565 369 1620 Vid.
399 1566 482 1620 etiam
498 1566 610 1621 Lucr.I
642 1570 773 1647 ,298144
805 1567 925 1622 Pectora
953 1570 1004 1648 qui
1017 1571 1138 1637 fremitu
1154 1576 1284 1636 rumpunt
1298 1569 1360 1638 ple-

187 1649 310 1755 uttt
328 1634 586 1779 ‚acuatu
594 1652 637 1768 ⁰1⁰,
657 1637 955 1768 44444ῗῖἔοῖῑὲῗῖ
962 1655 1011 1759 ol.
1029 1643 1147 1769 ilfi?
1181 1643 1361 1756 4444ἰῖ.

188 1785 245 1822 can.
264 1769 287 1832 I,
310 1772 348 1824 17,
368 1766 539 1821 erundum.
558 1768 594 1821 Il.
613 1785 639 1838 p.
659 1773 717 1822 225.
737 1798 770 1807 -
788 1768 855 1830 528.
885 1772 920 1824 iu
941 1771 1084 1825 volitera
1102 1770 1261 1837 (inferenda)
1280 1772 1360 1824 itur.

188 1837 232 1891 Sic
249 1851 291 1904 ap.
310 1834 387 1889 ovid.
407 1835 471 1889 llet.
491 1835 529 1889 IX
557 1840 614 1892 405,
656 1840 727 1891 certe
746 1853 777 1890 ex
796 1837 900 1891 Heinsii
930 1839 1010 1906 coni.)
1040 1838 1166 1906 ibuntque
1194 1839 1224 1890 iu
1246 1840 1362 1892 uulnera

187 1905 301 1970 frum.
331 1903 401 1957 sut.
420 1903 503 1958 unes.
524 1876 600 1970 tun,
621 1906 662 1957 oo.
693 1907 800 1969 uara
828 1905 937 1959 aum
965 1906 995 1959 a
1024 1905 1140 1959 „unua
1168 1905 1240 1958 uuo
1268 1905 1362 1958 Maru

189 1977 276 2025 ruent.
294 1970 388 2023 Manil.
407 1970 454 2036 lv,
474 1973 530 2024 173.
560 1971 713 2040 Mutuuque
742 1973 847 2026 arcuati
873 1978 969 2026 coduut
995 1974 1024 2026 c'u
1039 1974 1155 2028 uulnera
1171 1974 1279 2039 fratrea
1296 1974 1360 2027 cett.

189 2036 342 2157 Coningxt'qur
371 2037 465 2091 laudat
482 2037 539 2117 Lis.
557 2037 655 2102 XXVI,
677 2042 719 2092 44.
748 2041 778 2092 in
806 2039 922 2093 onlnem
951 2058 985 2094 ac
1011 2040 1066 2094 tela
1092 2047 1181 2095 ruunt.
1219 2039 1260 2095 Cf.
1279 2040 1360 2094 etiam

189 2120 271 2173 supra
341 2108 406 2171 ‚42
427 2113 503 2158 actos
520 2124 549 2158 cu
565 2107 665 2170 macra
682 2124 767 2174 reqes.
786 2136 818 2146 —
835 2103 900 2168 529.
928 2108 998 2172 bic,
1028 2112 1146 2171 Aeneas3
1172 2124 1236 2162 nam
1255 2107 1358 2161 Murra·

189 2188 248 2237 nus,
279 2187 356 2241 quem
383 2172 518 2236 interficit,
550 2173 664 2227 Latinus
682 2177 733 2228 est.
769 2172 811 2227 Cl.
829 2176 911 2229 etium
928 2175 1000 2230 infra
1017 2191 1042 2229 v.
1061 2178 1109 2229 638
1131 2193 1144 2229 s
1164 2217 1170 2228 .
1188 2205 1222 2214 -
1238 2191 1361 2228 conau-

189 2247 264 2318 46434,
296 2242 458 2308 crepantem,
490 2239 648 2295 iactantem.
682 2242 724 2295 cf.
755 2240 859 2295 adnott.
889 2241 963 2304 adl,
988 2246 1044 2297 328.
1076 2192 1215 2297 Houqbat.
1233 2241 1256 2308 Ι,
1275 2247 1300 2305 4,
1319 2246 1361 2296 44.

189 2306 265 2361 Oud.
282 2306 347 2360 Met.
365 2306 398 2370 X,
419 2311 479 2360 205.
498 2309 525 2361 et
543 2308 604 2361 Aur.
624 2308 675 2373 111,
696 2313 717 2376 1,
735 2314 775 2365 64.
803 2308 897 2363 Claud.
916 2310 961 2366 VI.
981 2311 1060 2364 Cous.
1077 2311 1148 2365 Hon.
1168 2314 1226 2364 493.
1244 2340 1277 2348 -
1294 2308 1359 2371 530.

188 2374 323 2427 uomina
341 2374 498 2442 uictique,
525 2374 542 2429 i.
561 2391 583 2429 e.
603 2376 685 2440 clara,
714 2376 833 2429 illustria
852 2375 915 2443 (uid.
934 2376 969 2431 ad
985 2377 1008 2439 Ι,
1030 2379 1090 2445 12),
1109 2375 1179 2445 qnod
1197 2377 1280 2430 etiam
1298 2378 1362 2431 sim-

188 2441 250 2509 plex
267 2458 364 2495 nomeu
382 2441 518 2495 interdum
537 2442 688 2510 significare
716 2445 832 2497 constat.
869 2442 953 2499 Thiel.
973 2445 1077 2498 confert
1094 2444 1186 2498 quen.
1208 2444 1284 2507 vlu,
1305 2449 1361 2498 132.

189 2512 217 2563 et
236 2511 294 2562 272.
324 2508 400 2563 Ouid.
419 2508 502 2562 Trist.
520 2509 567 2573 IV,
586 2515 610 2576 4,
631 2515 651 2565 l.
681 2512 710 2563 ct
726 2511 788 2565 Am.
804 2510 826 2574 Ι,
847 2514 871 2573 3,
891 2516 915 2566 7.
951 2511 1111 2565 Simillimus
1135 2513 1178 2565 est
1194 2510 1269 2564 locus
1289 2511 1361 2564 Mar·

188 2575 247 2631 tiut
267 2577 300 2637 V,
321 2579 360 2643 17,
381 2581 403 2630 l.
425 2577 501 2628 Dum
515 2595 639 2645 proavos
659 2585 809 2646 amnesque
825 2580 917 2643 refers
933 2580 973 2632 ud
988 2580 1099 2633 uomina
1116 2596 1224 2647 maquu.
1260 2577 1301 2631 cf.
1320 2580 1363 2631 et-

187 2645 242 2698 iarn
259 2643 335 2697 locus
352 2643 448 2697 similis
465 2643 530 2698 Aen.
548 2644 601 2707 111,
619 2647 670 2708 98..
690 2644 759 2699 unde
778 2645 897 2715 aliquam
915 2646 1115 2715 probabilitatis
1132 2646 1247 2715 speciem
1264 2645 1362 2713 accipit

188 2710 369 2780 Peerlkampii
388 2710 539 2765 coniectura
556 2720 653 2766 atavos
669 2720 822 2775 atavorum,
853 2714 968 2782 avitique
984 2732 1007 2767 a.
1024 2714 1061 2767 N.
1083 2744 1114 2753 -
1132 2731 1232 2782 qeuus
1256 2720 1363 2767 actum

189 2780 333 2846 (exactum,
351 2778 474 2844 ductum)
489 2796 552 2849 per
568 2796 664 2848 reyes
682 2781 845 2849 Latium,-
872 2781 1070 2846 „descendebat
1089 2781 1114 2836 ei
1131 2797 1216 2852 genus
1255 2797 1283 2836 er
1300 2798 1362 2835 con·

188 2846 293 2901 tinuarn
326 2846 421 2901 seriem
451 2846 606 2916 regulorum
634 2848 821 2904 Latinorum.“
863 2848 959 2918 Waqu.
996 2848 1127 2906 Similiter
1156 2849 1223 2903 Clau
1245 2890 1251 2902 .
1277 2848 1361 2914 1‚15.

190 2915 247 2968 Per
263 2916 357 2979 faeces
373 2924 551 2969 assumuntur
568 2916 622 2969 avi.
657 2917 763 2971 Peerlk.
781 2917 839 2971 sine
857 2917 931 2971 insta
948 2934 1030 2972 causa
1053 2918 1119 2972 coni.
1137 2925 1247 2971 auctam
1263 2934 1361 2985 perum

192 2986 225 3036 ut
243 2998 337 3035 sensus
356 2982 405 3036 sit:
432 2983 506 3046 „Rex
524 2982 578 3036 luit
595 2984 669 3081 origo
706 2984 784 3050 entis,
803 2984 862 3039 nati
881 2988 908 3038 et
924 2988 1050 3039 natorum
1068 2985 1136 3047 nati,
1154 3000 1259 3053 semper
1276 3000 1362 3053 reges,

190 3066 674 3197 tilectus,tltttttttum
691 3053 1014 3189 ttdtttttttdt
1027 3059 1363 3200 tecturus:

190 3188 237 3239 tur
254 3185 338 3239 Coum
387 3201 415 3237 ur
445 3189 613 3255 comparanti
630 3186 695 3241 Hor.
713 3186 769 3241 Sat.
786 3187 823 3251 11,
843 3191 866 3247 5,
886 3190 927 3240 62.
946 3187 1054 3241 queuu
1071 3188 1184 3241 Parthis
1202 3187 1362 3252 horrendus,

189 3254 225 3307 ab
254 3253 311 3307 alto
372 3253 496 3306 crisima
523 3271 608 3320 qenuw
635 3254 736 3307 Aenea.
768 3284 800 3292 -
829 3252 892 3315 531-
922 3254 1070 3325 Scopulo
1101 3262 1134 3308 ut
1160 3270 1198 3306 ue
1226 3254 1362 3331 turbiue

189 3321 274 3376 aaut.
308 3319 369 3375 tid
389 3319 423 3374 ad
441 3320 489 3387 IX,
506 3324 563 3375 569.
583 3351 615 3359 -—
633 3322 780 3384 turbiue,
806 3321 822 3375 i.
842 3338 867 3391 q.
886 3322 968 3385 iactu,
996 3321 1124 3376 adiuncta
1172 3337 1233 3375 men
1250 3323 1363 3375 rotatio·

191 3387 234 3441 nis
268 3388 382 3441 notione.
417 3388 457 3442 Cl.
487 3388 535 3449 XI,
565 3386 758 3449 284.-532.
790 3389 933 3443 Excutit
961 3390 1177 3457 effunditque
1200 3388 1282 3443 solo.
1319 3387 1361 3442 Cf.

190 3456 225 3517 X,
243 3459 301 3509 574.
334 3456 444 3524 Repetit
469 3455 535 3509 haec
564 3456 645 3510 verba
667 3456 792 3523 (adiectis
809 3457 930 3511 mititte
947 3457 1057 3511 colicus
1073 3458 1121 3510 Ad
1138 3459 1249 3523 unum)
1270 3457 1363 3509 auctor

191 3540 272 3577 carm.
302 3523 330 3575 iu
348 3523 430 3576 Anth.
447 3523 509 3577 Lat.
527 3523 549 3587 Ι,
567 3527 610 3586 45,
631 3528 671 3578 15.
688 3553 720 3562 —
737 3525 821 3578 tuuc
847 3525 925 3579 loru
954 3529 1005 3579 etc.
1045 3523 1227 3589 „Provolutus
1256 3524 1303 3577 ille
1321 3525 1364 3577 est

190 3592 286 3644 subter
314 3607 431 3657 currum,
462 3591 610 3660 impeditus
640 3591 752 3645 habenis
772 3594 801 3645 ct
818 3592 898 3645 rotis:
927 3592 969 3645 his
987 3592 1095 3673 quidem
1113 3609 1242 3662 equorum
1259 3592 1363 3660 impetu

191 3658 340 3725 ruentibus,
359 3657 414 3711 illis
431 3660 523 3712 autem
541 3676 588 3713 seu
607 3675 688 3713 manu
705 3660 804 3730 clapsis
820 3676 867 3714 seu
885 3660 977 3714 manui
996 3661 1146 3731 rmplicitis‚
1167 3663 1198 3713 ut
1215 3660 1300 3729 igitur
1312 3658 1364 3712 du-

191 3726 254 3795 plici
272 3742 303 3779 cx
321 3725 423 3779 ratione
436 3727 529 3780 subter
541 3726 613 3796 iuga,
626 3727 675 3781 sub
689 3744 796 3781 currum
806 3727 1038 3797 provolverentur;
1051 3733 1078 3782 et
1090 3728 1148 3781 lora
1165 3729 1193 3781 et
1210 3729 1286 3781 rotae
1302 3743 1363 3780 eum

191 3793 355 3914 pqouolmnt
371 3794 465 3848 subter
483 3794 556 3863 iuga,
581 3800 717 3848 currum.“
751 3795 842 3863 chu.
877 3796 986 3850 Rectius
1005 3796 1098 3862 (etiam
1115 3795 1249 3861 Wagnero
1267 3793 1364 3858 iudice)

219 3860 328 3915 einrich.
362 3862 444 3916 verba
478 3862 519 3915 iu
552 3862 674 3916 ordinat:
714 3864 785 3916 huuc
817 3870 896 3916 rotue
926 3864 1089 3932 mocoluere
1121 3863 1212 3914 auter
1244 3862 1309 3913 tora
1341 3867 1367 3912 et

191 3929 275 3997 iuqa5
310 3928 389 3991 rotis,
423 3927 440 3983 'a
469 3945 491 3983 c.
521 3945 601 3983 curru
631 3929 693 3995 (vid.
723 3928 757 3983 ad
788 3928 852 3983 Gco.
879 3929 936 3993 ΙΙΙ,
968 3933 1048 3995 174),
1085 3944 1208 3981 excussas
1243 3926 1363 3989 habenis,

192 4013 261 4067 quaa
291 3996 326 4050 ad
354 3998 455 4050 terram
486 3995 664 4056 defluxerant,
699 3996 845 4064 impeditus
879 3996 921 4049 est
951 3998 979 4049 et
1011 3995 1104 4050 subter
1134 4011 1216 4063 equos
1242 3992 1366 4073 provolu-

192 4068 252 4132 tns;
284 4065 315 4116 ut
344 4063 430 4132 igitur
477 4064 564 4132 ropric
602 4062 704 4116 dictum
738 4064 775 4116 sit
807 4063 897 4115 subter
925 4063 1003 4130 iuqu,
1036 4062 1125 4115 minus
1159 4077 1278 4129 propne,
1312 4076 1365 4113 non

191 4135 285 4187 tamen
318 4132 409 4199 inepte
442 4081 475 4185 el
504 4130 582 4201 quasi
614 4146 662 4197 per
697 4145 819 4198 zeugma,
854 4131 945 4182 subter
978 4131 1054 4191 lora,
1090 4144 1202 4208 eamque
1234 4128 1366 4182 rationem

192 4201 277 4255 etiam
295 4198 446 4267 Conington
476 4199 607 4279 sequitur.
643 4196 671 4251 Si
694 4199 785 4250 tamen
803 4196 867 4250 loru
885 4212 944 4249 cum
963 4196 1066 4251 Peerlk.
1083 4195 1230 4265 accipimus
1247 4195 1280 4274 de
1298 4195 1368 4250 luni·

192 4269 252 4330 bus,
271 4267 319 4337 qui
336 4284 417 4337 equos
436 4283 526 4320 currm
542 4266 670 4333 iungunt,
689 4264 772 4317 ctiam
789 4264 855 4318 haec
873 4265 954 4319 verba
971 4267 1085 4333 possunt
1104 4264 1209 4334 proprie
1229 4264 1302 4318 dicta
1320 4264 1368 4316 ha·

191 4335 264 4399 4444,
283 4335 321 4388 sic
339 4335 411 4389 enim
428 4335 521 4389 subter
539 4333 611 4399 lora,
630 4331 726 4400 quibus
744 4332 753 4384 i
793 4348 837 4384 um
855 4331 889 4385 ad
909 4333 1043 4386 temonem
1061 4332 1205 4401 alligatum
1223 4335 1291 4393 erat,
1309 4347 1369 4399 pro·

192 4403 263 4457 volvi
281 4405 310 4457 et
327 4418 343 4455 a
361 4402 553 4470 posterioribus
566 4416 694 4470 equorum
706 4349 815 4469 ungulis
847 4399 976 4454 roculcari
987 4402 1104 4469 poterat,
1122 4417 1201 4469 quam
1215 4398 1370 4469 explicatio·

192 4487 254 4525 nem
285 4470 367 4524 ctiam
385 4469 482 4539 Wagu.
509 4469 538 4522 in
570 4469 669 4523 recent.
689 4467 762 4530 edit,
791 4467 813 4519 L
850 4483 896 4523 ew.
924 4469 953 4522 et
969 4468 1087 4524 Bcnoist.
1107 4468 1316 4538 amplectuntur.
1336 4497 1369 4505 —

191 4535 259 4599 534.
289 4538 379 4592 Verba
407 4538 446 4591 sic
475 4538 613 4591 construe:
643 4537 748 4601 uuqulc
773 4535 860 4589 incita
885 4552 935 4589 uec
952 4537 1059 4589 domiui
1074 4554 1221 4591 uicinorum
1238 4552 1370 4602 equorum

193 4607 290 4661 crebro
315 4606 402 4675 pulsu
429 4623 511 4675 cuper
535 4603 690 4674 proculcat.
724 4602 868 4656 (lemmata
890 4602 971 4671 vulgo
990 4606 1052 4673 post
1069 4604 1160 4657 lucita
1180 4606 1207 4656 ct
1225 4619 1370 4655 rumorum

193 4674 286 4745 posita
298 4688 359 4726 cum
371 4673 460 4727 Ruhlr.
476 4672 569 4753 delevi,
588 4689 711 4750 namuco
722 4688 869 4749 inquorum
880 4673 922 4749 est
934 4671 951 4725 i.
965 4687 990 4740 q.
1003 4674 1030 4725 ct
1043 4671 1171 4740 (quidem,
1189 4670 1310 4739 iusuper)
1322 4670 1370 4722 irn-

193 4738 783 4875 lttftlfuttlessetutrtmtttt
799 4737 1256 4884 ttttttttttttfttt
1270 4739 1372 4867 tut

195 4893 244 4931 cur
263 4874 361 4945 Wagn.
390 4876 423 4931 de
442 4876 492 4931 hac
510 4893 538 4930 re
560 4876 684 4930 dubitare
702 4875 827 4943 potuerrt.
862 4872 904 4926 cf.
925 4871 998 4927 Cort.
1020 4874 1053 4927 ad
1073 4873 1173 4926 Lucan.
1190 4873 1213 4939 Ι,
1233 4875 1273 4926 86.
1293 4877 1321 4926 et
1339 4872 1372 4938 V,

197 4948 254 4998 153.
277 4942 401 5014 idemque
419 4944 454 4999 ad
473 4943 536 4999 Sall.
556 4945 617 4998 Cat.
636 4947 677 4997 24.
694 4959 710 4997 a
728 4939 832 4995 Thielio
850 4939 937 5006 laud.;
963 4942 1008 5009 qui
1028 4940 1111 4994 etiam
1128 4940 1241 4996 alteram
1259 4957 1373 4996 comme·
