3359 5725
570 550 722 618 CULEX
744 576 773 618 v.
786 558 970 622 eoo-269.
1293 565 1352 626 647

172 715 244 781 Iam
265 715 448 782 truculenta
465 716 575 782 ferunt
596 718 780 805 infestaque
800 717 925 784 lumina
948 743 1066 808 corpus
1300 737 1350 788 255

174 798 267 865 Alter
288 800 322 864 in
343 798 488 881 alterius,
510 801 640 887 iamque
661 809 833 866 aversatur
856 811 1002 889 uterque,

174 880 283 968 Impia
303 882 453 968 germani
475 892 586 947 manat
606 882 693 967 quod
715 885 874 968 sanguine
897 884 1023 953 dexhe.
1118 892 1130 905 ⁶

175 964 270 1029 Eheu
291 964 466 1030 mutandus
488 987 663 1052 numquam
686 964 797 1030 labor!
840 967 981 1033 Auferor
1001 967 1086 1034 ultra

175 1046 212 1111 In
236 1047 368 1112 diversa
389 1049 495 1133 magis
527 1047 684 1113 distantia
702 1047 815 1113 limina
838 1071 952 1114 cerno·

176 1129 342 1195 Eridanus
363 1099 554 1212 tranandua
576 1153 657 1229 agor
680 1130 806 1196 delatus
828 1131 873 1197 ad
894 1099 1025 1198 undam.

176 1212 286 1279 Obvia
304 1213 513 1300 Persephone
535 1223 667 1279 comites
689 1213 841 1279 heroidas
864 1226 984 1300 urguet

176 1295 343 1361 Adversas
365 1297 511 1382 perferre
530 1297 629 1364 faces.
670 1296 811 1362 Alcestis
834 1297 876 1364 ab
900 1301 988 1363 omni

174 1377 336 1444 Inviolata
356 1389 454 1445 vocat
475 1401 563 1462 cura,
585 1379 672 1466 quod
695 1402 794 1444 saeva
816 1382 927 1446 mariti

175 1460 215 1525 Iu
237 1460 469 1528 Chalcodoniis
491 1461 623 1527 Admeti
644 1462 713 1527 fata
735 1473 863 1528 morata
884 1472 941 1528 est.

176 1543 273 1624 Ecce,
292 1543 398 1609 Ithaci
420 1545 563 1609 coniunx
585 1567 714 1631 semper
737 1544 835 1610 decus
858 1546 1008 1613 Icariotis

176 1627 366 1691 Femineum
386 1627 577 1713 incorrupta
597 1626 695 1692 decus
717 1638 826 1694 manet
848 1638 880 1693 et
900 1595 1018 1716 procul
1036 1627 1094 1694 illa

180 1708 294 1775 Turba
314 1710 406 1774 ferox
427 1710 579 1774 iuvenum
600 1709 673 1775 telis
697 1711 827 1776 confixa
849 1734 1032 1798 procorum.

180 1791 278 1873 Quid,
303 1792 421 1856 misera
444 1790 621 1878 Eurydice,
644 1801 734 1858 tanto
755 1816 904 1859 maerore
926 1796 1053 1871 recesti‚

178 1874 353 1961 Poenaque
374 1883 541 1961 respectus
564 1885 596 1940 et
617 1898 702 1941 nunc
724 1886 834 1942 manet
856 1876 1007 1964 Orpheos
1027 1879 1060 1941 in
1083 1876 1137 1942 te?

1303 1560 1354 1612 265

178 2123 230 2229 hle
249 2107 278 2162 et
294 2106 449 2176 Polynicem
466 2107 519 2163 sibi
548 2110 645 2163 mutua
672 2108 784 2164 vulnera
811 2108 958 2164 inferentes
976 2109 1059 2165 Culex
1076 2109 1105 2164 in
1123 2110 1192 2167 Orco
1217 2110 1356 2181 conspicit.

219 2215 225 2230 .
244 2177 335 2254 anteiri
353 2174 386 2229 de
404 2175 508 2230 umbris
524 2175 553 2230 in
572 2176 641 2233 Orco
660 2177 818 2231 nouaclum
836 2176 950 2231 eandem
966 2177 1084 2247 speciem
1095 2177 1282 2242 retinentibus,
1302 2194 1356 2247 qua

178 2259 210 2297 ex
226 2244 287 2296 vita
304 2241 455 2304 discedunt,
476 2242 523 2298 sed
541 2244 624 2298 etiam
641 2244 735 2298 eudem
752 2245 949 2312 tractantibus,
997 2260 1047 2300 uae
1070 2245 1098 2298 in
1116 2245 1175 2299 vita
1191 2247 1354 2309 tractarunt,

178 2309 285 2390 adnott.
300 2310 338 2390 ,sd
356 2311 422 2364 Aen.
434 2310 488 2390 ‘VI,
507 2314 565 2390 4952
583 2314 640 2366 642.
660 2315 719 2391 651.
736 2343 770 2352 -
788 2313 910 2391 semine
930 2314 958 2366 et
978 2262 1106 2366 lomina
1123 2312 1212 2392 Sillig.
1230 2315 1356 2384 (quocum

178 2379 262 2432 etiarn
278 2377 323 2432 hic
340 2379 503 2446 posteriores
524 2378 603 2433 editt.
624 2377 738 2445 faciunt)
764 2395 795 2433 ex
826 2379 950 2433 omnibus
979 2379 1035 2434 fere
1053 2378 1138 2433 Codd.
1160 2395 1216 2434 suis
1234 2380 1357 2436 restituit

178 2462 227 2516 pro
249 2445 323 2514 vulg.
342 2447 475 2514 scapulae
492 2448 519 2500 et
536 2446 659 2500 manaa.
678 2476 713 2485 -
729 2443 794 2508 265.
815 2453 996 2500 aversator
1018 2445 1106 2516 Sillig.
1126 2448 1166 2510 (et
1188 2462 1249 2501 cum
1268 2464 1298 2502 eo
1317 2465 1357 2504 re-

178 2513 309 2568 centiores
327 2511 414 2581 editt.)
425 2530 455 2567 ex
465 2511 548 2567 Ccdd.
568 2529 615 2582 pro
627 2512 700 2582 vulg.
720 2521 872 2568 οοονοοεω.
890 2544 923 2554 -
940 2510 1007 2575 268.
1024 2513 1101 2568 idem
1113 2513 1199 2584 Sillig.
1219 2531 1268 2583 pro
1283 2514 1355 2584 vulg.

178 2581 261 2635 Eleu
277 2596 309 2634 ex
326 2580 392 2660 corii:
410 2580 500 2660 edidit
517 2580 674 2660 ch'licu,
693 2596 754 2635 cuin
773 2582 840 2634 elica
856 2581 974 2660 primam
992 2580 1125 2650 syllabam
1143 2581 1282 2703 corripiat,
1303 2597 1357 2651 qua
1408 2622 1410 2625 -

113 2699 117 2710 ,
178 2649 212 2704 de
229 2664 258 2703 re
276 2646 391 2703 conferri
409 2648 493 2713 iubet,
512 2664 578 2717 quos
597 2663 656 2716 ipse
673 2647 826 2703 laudaverit
854 2664 883 2701 in
905 2646 996 2703 Indice
1013 2647 1116 2703 Catulli
1154 2652 1211 2705 ‚ie
1231 2693 1237 2706 .
1256 2665 1281 2703 v.
1297 2649 1356 2705 beu.

177 2715 231 2771 Sed
249 2714 320 2781 vide,
339 2730 406 2786 quae
424 2714 606 2769 contraharis
623 2732 638 2769 o
658 2715 774 2770 inionem
792 2715 932 2770 verissime
950 2714 991 2769 dis
1012 2716 1101 2771 utarit
1117 2664 1208 2771 ilino.
1226 2717 1304 2771 Ture.
1320 2716 1357 2771 IL

178 2802 205 2855 p.
214 2786 281 2857 666.
305 2785 345 2847 (et
362 2782 467 2838 aduam
486 2781 521 2837 ad
538 2782 594 2837 Ecl.
642 2784 734 2849 ,58.);
754 2782 922 2853 querebare
941 2799 988 2837 inu
1020 2783 1121 2838 tionem
1138 2784 1192 2839 iarn
1213 2785 1288 2854 prius
1304 2801 1357 2838 non

177 2850 357 2908 neeessariam
375 2848 454 2918 duxi,
483 2850 511 2905 in
529 2867 581 2921 quo
599 2850 761 2920 posteriores
790 2868 894 2906 mecum
923 2850 1103 2932 censentiuul.
1124 2883 1154 2892 —
1180 2852 1358 2932 mutandae

177 2936 355 3043 usses
373 2917 1358 3067 elissaeirritaretursalulate

178 3055 351 3124 retinxitpro
369 3054 533 3108 luminisve]
550 3071 671 3119 nemeae,
691 3053 762 3123 quod
781 3056 849 3108 vett.
868 3053 933 3108 edit.
953 3053 1087 3109 exhibent.
1116 3053 1244 3109 Ridbecli.
1266 3057 1358 3123 (quein

178 3122 300 3177 Benoist.
320 3124 428 3177 secutus
449 3123 492 3176 eit
520 3138 552 3175 ex
571 3120 655 3175 Codd.
674 3121 776 3192 recepit
794 3121 915 3176 nominc.
945 3121 1048 3190 Haupt.
1068 3121 1187 3175 servavit
1205 3121 1311 3175 limina.
1324 3151 1358 3161 —

178 3190 246 3252 266.
264 3189 353 3311 Ἧο
370 3188 498 3257 Elysiam
514 3192 669 3243 tenendus
680 3205 751 3258 opor
762 3191 814 3243 etc.
832 3188 982 3242 Eridanus
992 3191 1147 3242 tractandus
1159 3188 1244 3258 Sillig.
1256 3188 1359 3258 recepit

178 3276 211 3314 ex
222 3256 290 3313 Schr
326 3256 364 3311 eri
382 3257 462 3319 coni,
482 3256 563 3310 simul
580 3258 672 3310 tamen
689 3271 851 3320 memorans,
871 3272 934 3309 euin
951 3255 1065 3309 Helmst.
1084 3272 1108 3310 a.
1126 3272 1161 3309 ni.
1198 3273 1220 3310 r.
1233 3255 1360 3310 exhibeat

179 3327 353 3387 trancredum,
367 3324 483 3378 fortasm
495 3324 594 3379 rectius
606 3323 661 3393 legi
667 3324 710 3377 El
726 3324 797 3377 nam
808 3325 976 3377 tractandam
989 3331 1015 3375 et
1023 3342 1041 3376 a
1060 3340 1093 3376 cr
1105 3324 1134 3376 d.
1145 3341 1162 3376 a
1195 3342 1221 3378 a.
1240 3322 1293 3378 Sed
1301 3324 1359 3377 iure

198 3392 340 3447 osteriores
358 3391 481 3446 edittae
501 3392 642 3447 cieverunt
659 3392 687 3445 in
720 3390 844 3446 chraderi
861 3391 1021 3445 coniectura.
1040 3341 1080 3444 lle
1091 3390 1208 3445 Eridano
1220 3393 1311 3446 autern
1324 3389 1359 3445 ad

178 3412 240 3516 loca
258 3460 345 3515 intera
356 3459 447 3527 deleto
465 3460 491 3513 vi
512 3500 518 3515 .
531 3458 637 3514 adnott.
650 3458 686 3513 ad
698 3460 763 3513 Aen.
774 3458 821 3522 VI,
834 3462 894 3513 659.
908 3489 938 3498 -
947 3456 1011 3519 261.
1027 3458 1111 3512 Culex
1121 3458 1176 3512 iani
1189 3458 1225 3513 ad
1237 3458 1359 3528 Elysium

179 3527 303 3593 tendens,
314 3528 389 3583 videt
402 3543 511 3596 campos
528 3526 682 3596 lugentium
694 3526 774 3597 inque
786 3525 820 3579 iis
832 3525 957 3581 heroidas
969 3542 986 3580 a
997 3524 1079 3580 Prose
1114 3526 1160 3580 ina
1171 3528 1278 3581 coactas
1290 3525 1359 3581 ferre

179 3595 358 3651 infortunium
367 3611 446 3649 suum
455 3612 486 3649 ex
498 3611 587 3650 ninere
600 3594 720 3649 infausto
732 3597 830 3649 ortum.
848 3594 906 3649 Hoc
916 3593 987 3649 enirn
999 3593 1092 3648 sibive
1116 3594 1267 3649 evidentur
1277 3594 1361 3648 verba

179 3664 355 3718 Advorsae
369 3664 533 3734 perferre
551 3666 656 3730 facea.
690 3661 751 3716 Non
770 3661 841 3717 male
859 3666 951 3717 tamen
969 3662 1061 3716 Heius.
1075 3661 1142 3716 coni.
1157 3665 1361 3734 adapcrfeire

180 3733 263 3787 vices.
298 3730 411 3786 Veteres
429 3730 506 3785 editt.
543 3730 658 3785 uaedam
686 3732 848 3810 praeferre,
880 3730 951 3800 quod
979 3732 1088 3798 praeter
1106 3729 1246 3785 Heinsium
1276 3730 1359 3784 etiam

181 3798 287 3853 Wakei.
306 3798 481 3868 amplectitur
498 3747 557 3853 coh.
578 3799 649 3855 Stat.
668 3798 732 3854 Silv.
752 3798 785 3861 V,
803 3799 825 3861 1,
846 3801 904 3851 257.
935 3814 996 3852 cuin
1015 3797 1107 3851 adnot.
1125 3796 1224 3851 Markl.
1241 3827 1276 3837 -
1293 3793 1360 3858 lot

180 3867 241 3922 Silli
263 3906 270 3920 .
289 3866 407 3920 servant
423 3866 519 3920 Bembi
536 3866 680 3920 lectionem
697 3866 765 3935 Ipsa
782 3866 840 3918 wia
872 3864 942 3934 clis,·
961 3863 1009 3918 sed
1028 3880 1089 3918 cuin
1106 3863 1192 3917 Codd.
1213 3867 1241 3918 et
1258 3868 1362 3918 veteres

183 3883 262 4014 edith
283 3933 427 4013 exhibeant
446 3933 503 4013 Hic
520 3934 690 4012 Αὶοοιζοπξαι
708 3931 752 3985 vel
768 3932 825 3985 Hic
862 3931 1031 4011 alcedorie'aa,
1051 3947 1111 3985 cuin
1124 3931 1227 3999 Haupt.
1245 3932 1274 3984 et
1291 3932 1362 3984 oete-

181 4019 220 4057 ris
242 4001 438 4057 recentioribus
456 4000 533 4056 editt.
554 4000 722 4055 exhibuimus
739 3997 774 4051 In
794 3999 1002 4053 Chalcodoniis.
1037 3996 1079 4052 Cf.
1097 3997 1189 4067 Apoll.
1209 3997 1260 4051 Rh.
1280 3998 1303 4058 l,
1321 4001 1362 4052 le.

176 4070 219 4127 ot
237 4069 268 4124 δὲ
288 4074 395 4141 Φέραις
406 4065 543 4135 Ἄδμητος
559 4066 744 4136 &lactescere
771 4065 907 4119 ἀνάσσων
925 4070 1046 4136 Μίμνεν
1064 4064 1123 4119 ὑπὸ
1146 4065 1266 4132 σκοπιὴν
1283 4062 1362 4128 ὄρεος

182 4137 406 4201 Χαλκωδονίοιο,
426 4136 516 4207 ibique
528 4135 617 4190 Sobel.
632 4132 839 4194 Chalcedonius,
854 4148 930 4186 mous
943 4130 1107 4196 Thessaliae,
1120 4130 1155 4185 ad
1186 4148 1247 4187 neni
1260 4131 1363 4186 Pherae

181 4206 252 4261 sitae
273 4207 360 4266 eraut,
379 4220 450 4257 nuno
468 4205 580 4257 vocatur
597 4199 751 4265 Karadaph.
787 4199 828 4254 Cf.
847 4199 917 4254 liber
933 4216 1010 4254 meus
1048 4149 1363 4280 eogr.11l.p.881sp.

181 4303 211 4313 -
232 4269 614 4339 265.1lliaciccaiunc,
634 4266 733 4323 Penelo
754 4284 775 4322 e.
813 4266 926 4322 Ithacus
961 4285 990 4322 ro
1008 4216 1144 4322 ltliscensi
1176 4286 1199 4322 s.
1228 4267 1363 4323 Ithacesio

181 4340 265 4397 etiam
284 4341 351 4395 Aen.
373 4339 410 4403 H,
431 4343 488 4394 iol.
506 4338 564 4405 (ubi
581 4336 634 4392 vid.
652 4285 768 4403 adnotl.)
788 4338 843 4391 122.
860 4335 940 4391 lael
972 4338 1050 4401 ,otu
1062 4335 1098 4390 al.
1111 4334 1223 4407 legitur.
1237 4367 1269 4377 -
1282 4336 1323 4388 Vu
1345 4377 1362 4401 ¹.

183 4408 330 4464 lectionem
348 4407 516 4462 Icariclis
535 4406 561 4472 (i.
582 4423 605 4461 e.
622 4404 703 4460 Icarii
721 4403 785 4471 filia,
804 4402 875 4484 quod
893 4404 975 4485 etiam
993 4403 1095 4483 legitur
1112 4420 1129 4484 a
1149 4445 1156 4457 .
1174 4403 1296 4524 Propieit.
1315 4402 1329 4455 I
1355 4440 1363 4467 ,

187 4481 217 4531 ii
250 4475 313 4544 (ΠΙ,
335 4479 391 4543 131,
413 4477 472 4540 llll,
493 4491 553 4529 cum
571 4475 692 4554 Hauptio
711 4473 741 4526 el
760 4471 856 4525 ceteris
875 4473 1067 4527 recentioribus
1086 4421 1165 4527 edili.
1184 4489 1227 4525 res
1252 4475 1364 4524 tmuius.

181 4517 272 4665 ὃώλς.
291 4560 323 4598 ex
340 4560 394 4599 urio
412 4543 475 4598 Cod.
494 4542 610 4597 Helmst.
631 4539 781 4595 inconsulte
801 4541 939 4608 receperat
961 4541 1040 4593 enitet
1068 4542 1133 4594 oreb.
1153 4570 1185 4579 -
1204 4538 1269 4600 268.
1288 4535 1363 4592 Idem

181 4612 232 4666 Vir
268 4614 321 4666 oct.
348 4629 363 4667 e
392 4611 460 4666 coni.
491 4610 576 4664 edidit
601 4609 676 4676 (liro,
704 4607 775 4679 quod
807 4607 846 4661 sie
876 4607 1004 4677 explicat:
1035 4607 1083 4675 „in
1112 4624 1157 4662 eos
1182 4622 1299 4674 campos,
1319 4604 1365 4658 nbi

182 4680 303 4735 Alcestis
321 4681 350 4735 et
366 4678 500 4749 Penelope
520 4678 730 4741 commorantur,
750 4674 863 4730 recessit
884 4674 1043 4745 Eurydice.“
1079 4674 1167 4744 Vulgo
1188 4675 1274 4738 Quiri,
1293 4671 1365 4742 quod

183 4763 249 4803 sane
266 4747 333 4802 ferri
362 4764 417 4802 non
443 4748 543 4867 potest.
579 4745 635 4800 Nos
665 4760 727 4799 vero
758 4759 829 4798 nunc
859 4759 920 4797 cum
949 4743 1143 4798 recentioribus
1171 4741 1249 4797 editt.
1271 4740 1364 4809 (etiam

183 4815 245 4870 Han
266 4816 305 4870 tio
326 4816 354 4871 in
377 4816 418 4870 ed.
460 4816 478 4877 l
500 4814 648 4885 recepimus
672 4812 747 4874 Qitid
768 4813 796 4867 et
817 4810 847 4864 in
870 4810 922 4866 sirie
945 4828 1039 4866 versus
1066 4810 1163 4864 receati
1179 4825 1228 4878 pro
1245 4809 1364 4863 recessit.

183 4913 218 4923 -
237 4832 303 4946 269.
320 4884 412 4939 Verba
431 4881 512 4953 vulgo
532 4883 571 4936 sie
589 4881 720 4937 collocata
746 4888 770 4934 el
788 4888 982 4947 eunomiana,
1062 4879 1140 4942 baie,
1161 4878 1191 4931 ia
1210 4886 1235 4931 le
1251 4878 1294 4942 (ut
1310 4875 1364 4931 No·

185 4950 252 5007 inin.
271 4968 321 5023 pro
338 4951 468 5007 Vocativo
486 4951 592 5022 positus
609 4953 638 5006 et
657 4965 763 5013 nomen,
785 4947 857 5018 quod
877 4947 945 5003 alias
969 4948 1028 5017 bisy
1050 4946 1132 5000 abum
1155 4962 1213 5002 esse
1230 4944 1309 5012 solet,
1328 4945 1365 4999 sit
