3359 5725
331 603 394 664 424
688 592 725 657 P.
747 590 936 656 VERGILI
957 589 1156 656 MARONIS

330 763 470 842 Desin03
493 781 568 824 nem
589 758 684 822 venio
707 757 884 823 moriturus
905 756 1039 821 ethaeo
1060 754 1120 820 tibi
1142 764 1237 841 porto

331 846 431 911 Dona
475 840 575 906 rius.“
616 841 713 904 Dixit
734 838 897 925 telumque
918 840 1047 905 intorsit
1067 839 1102 902 in
1124 836 1267 921 hostem3

331 927 414 993 Inde
470 923 524 988 'ud
547 945 645 1010 super
667 931 765 1009 atque
787 920 875 987 aliud
897 921 1032 1008 figitque
1053 920 1206 1008 volatque

332 1010 464 1096 Ingenti
485 1029 585 1094 gyr03
608 1004 665 1070 sed
688 1007 825 1071 sustinet
848 1026 963 1070 aureus
985 1003 1093 1070 umbo.
1198 1001 1204 1015 “

333 1093 399 1158 Ter
421 1093 544 1157 circum
568 1087 751 1154 adstantem
773 1088 885 1153 lsevos
948 1088 1066 1153 uitavit
1087 1087 1120 1150 in
1141 1085 1231 1152 orbis
1459 1099 1504 1149 885

333 1174 415 1241 Tela
436 1195 535 1239 manu
555 1173 689 1253 iaciens,
711 1179 761 1236 ter
784 1193 892 1236 secum
945 1171 1036 1236 roius
1056 1169 1152 1235 heros

331 1260 500 1324 inmanem
521 1263 633 1321 aerato
655 1254 844 1319 circumfert
865 1254 1007 1341 tegmine
1031 1253 1157 1319 silvam.

333 1341 413 1407 Inde
434 1340 491 1406 ubi
512 1347 559 1404 tot
579 1338 721 1404 traxisse
741 1359 860 1420 mores,
882 1345 930 1402 tot
952 1336 1080 1424 spicula
1101 1334 1211 1401 taedet

332 1690 673 1757 mortemdorremos‚
703 1689 761 1742 vita
778 1687 849 1741 enim
875 1689 940 1766 post
967 1687 1016 1741 tilii
1035 1703 1126 1741 necem
1155 1686 1220 1740 mihi
1239 1688 1282 1741 est
1299 1687 1404 1742 nullius
1421 1690 1505 1758 pretii

335 1760 462 1814 Ceterum
484 1757 550 1812 haee
577 1757 660 1814 verbo
688 1758 847 1826 repetuntur
874 1771 900 1807 in
919 1755 1001 1808 Auth.
1019 1755 1080 1809 Lat.
1098 1753 1121 1814 1,
1143 1758 1197 1816 170,
1217 1759 1259 1809 58.
1280 1758 1309 1808 et
1329 1759 1387 1818 1¹12,
1407 1760 1462 1809 tlt.
1478 1786 1507 1795 -

332 1844 391 1881 neo
409 1826 522 1880 divom
538 1823 803 1894 parcimueulli.
841 1823 928 1886 „Sunt
944 1823 1010 1877 haec
1029 1822 1063 1876 ad
1093 1821 1230 1875 invocatos
1247 1822 1281 1876 ab
1299 1823 1393 1877 Aenea
1411 1840 1434 1877 v.
1454 1827 1506 1877 875.

333 1894 398 1948 deos
415 1890 556 1947 referenda
584 1893 613 1945 et
641 1891 680 1945 ita
706 1888 875 1958 accipienda:
905 1888 962 1942 Nec
980 1905 1043 1959 ego,
1074 1888 1098 1943 si
1127 1889 1294 1943 moriendum
1312 1893 1368 1953 est,
1399 1893 1506 1944 morton

333 1960 438 2027 horreo,
456 1975 505 2013 neo
523 1958 575 2012 tibi
592 1957 644 2020 dei,
663 1971 728 2035 quos
745 1957 865 2020 invocas,
895 1956 1041 2026 quidquam
1071 1955 1221 2026 profuerint
1239 1973 1345 2012 mecum
1370 1957 1505 2026 pugnanti.

332 2026 444 2095 Proprie
462 2025 534 2081 enim
551 2041 603 2079 non
622 2024 689 2092 ipsus
707 2023 767 2089 diis,
786 2024 833 2078 sed
852 2024 889 2088 ei,
921 2025 965 2094 qni
983 2023 1046 2077 deos
1074 2023 1210 2078 adiutores
1234 2022 1333 2091 habet,
1363 2025 1506 2092 parciturf‘

335 2096 433 2162 qun.
487 2092 557 2145 Kaio
576 2091 643 2145 Gon
659 2091 714 2145 soll
729 2091 801 2144 mich
819 2090 946 2144 adhalten
969 2092 1019 2144 mit
1035 2091 1083 2145 dir
1104 2109 1139 2145 aa
1155 2092 1318 2161 kdmpfen.“
1353 2093 1436 2148 snit
1469 2091 1505 2145 Cf.

332 2161 392 2216 Vol.
409 2160 451 2214 Fl.
468 2132 516 2221 dV,
535 2161 593 2212 218.
628 2158 688 2237 N.⁶⁰
704 2158 837 2212 hmanas
853 2160 996 2226 neoforto
1008 2175 1105 2228 preces
1122 2159 1269 2228 supcrr'quc
1285 2161 1382 2212 coemi
1419 2166 1506 2214 ectoro

331 2235 427 2280 nostra
443 2234 557 2279 movent.
592 2225 745 2293 Conington
762 2225 931 2294 suspicatur,
949 2225 1069 2295 Vergilio
1095 2225 1137 2279 hic
1158 2225 1329 2280 obversatum
1355 2243 1415 2281 esse
1432 2228 1505 2280 Hom.

331 2293 381 2348 Od.
408 2293 457 2357 lx,
473 2295 533 2349 tat.
569 2292 654 2362 Bryne
682 2308 743 2347 vero
772 2293 801 2347 in
831 2292 857 2346 h.
881 2292 901 2345 l.
936 2293 1040 2347 invenit
1068 2292 1192 2346 acerbam
1223 2291 1376 2348 irrisionem
1405 2294 1505 2348 divium

330 2360 436 2415 Aeneae
453 2359 574 2429 originis,
593 2362 626 2414 nt
642 2376 738 2414 sensus
755 2361 780 2414 ei
797 2358 842 2413 hio
862 2374 920 2414 cese
936 2359 1075 2415 rideatur:
1094 2376 1143 2414 uec
1160 2359 1211 2413 tibi
1248 2376 1325 2427 arco,
1344 2377 1501 2431 quamquam

332 2427 397 2482 dese
416 2427 501 2481 fllinm
518 2430 545 2482 te
564 2443 622 2482 essa
638 2426 764 2496 glorieris
782 2431 811 2481 ct
827 2427 919 2482 Venus
937 2426 964 2481 in
983 2427 1128 2482 certamine
1147 2442 1206 2480 cum
1243 2426 1349 2481 iomede
1367 2429 1420 2482 tibi
1436 2428 1503 2481 suxi·

330 2494 397 2549 lium
415 2494 511 2549 tulisse
530 2494 625 2549 fertur.
660 2493 763 2548 Peerlk.
781 2498 882 2558 tamen,
900 2495 943 2549 cui
959 2495 1016 2549 diis
1055 2511 1149 2548 arcere
1176 2492 1243 2546 nihii
1264 2493 1339 2548 eliud
1357 2496 1503 2564 significare

351 2579 410 2617 osse
427 2561 541 2641 videtur,
561 2561 615 2615 nisi
632 2560 695 2616 deos
713 2561 795 2616 dictis
811 2561 944 2631 factisque
962 2577 1015 2615 non
1032 2512 1146 2626 diedone,
1184 2576 1233 2614 uae
1251 2563 1389 2615 sententia
1407 2563 1440 2617 ab
1457 2562 1502 2615 hoe

330 2580 1502 2766 ia,insecutorum,naenarraremus1unt

330 2762 414 2816 Maur.
433 2780 460 2832 p.
477 2765 536 2817 267.
548 2735 656 2817 ’tommo
674 2763 756 2817 verba
773 2763 811 2817 sic
827 2763 887 2816 vult
905 2736 1085 2832 transposita:
1111 2763 1204 2817 &vom
1228 2780 1285 2818 occ.
1321 2764 1384 2817 Vid.
1404 2763 1500 2819 ednott

331 2828 366 2884 ad
383 2829 431 2893 IX,
451 2832 560 2885 138-
577 2829 640 2892 881.
659 2830 797 2897 Desine,
817 2846 853 2884 sc.
871 2845 914 2884 me
932 2831 1041 2894 terrere,
1061 2830 1222 2885 moriturum
1241 2831 1313 2886 enim
1330 2831 1399 2885 nihil
1418 2834 1501 2887 terret

329 2928 361 2937 —
380 2897 459 2952 Prius
477 2914 538 2952 oum
556 2898 651 2966 Wagn.
670 2914 719 2967 pro
736 2898 808 2967 vulg.
826 2916 891 2952 osam
907 2897 981 2951 ‘edidi
998 2900 1064 2962 iarn,
1102 2914 1163 2952 eum
1179 2916 1244 2952 narn
1261 2899 1342 2953 facile
1375 2915 1407 2953 ex
1434 2905 1502 2954 aum

331 2964 488 3020 cedentibus
506 2964 593 3019 literis
610 2983 644 3020 oe
661 2964 726 3019 oriri
742 2964 874 3035 potuerit,
895 2965 951 3018 iam
968 2981 1041 3033 vero,
1070 2968 1101 3018 ut
1118 2967 1241 3020 nostrum
1259 2968 1332 3030 odeo,
1353 2966 1499 3021 affirmandi

332 3032 424 3102 alique
441 3034 467 3087 vi
478 3032 641 3102 praeditum,
659 3048 727 3103 quae
742 3032 927 3103 proficiscetur
945 3048 976 3085 ex
993 3033 1001 3086 i
1021 3050 1051 3087 sa
1068 3033 1106 3088 rei
1147 3031 1278 3087 raesentis
1289 3032 1403 3105 ideoque
1420 3039 1500 3088 certae

330 3101 359 3153 et
376 3100 532 3171 conspicuae
550 3100 793 3165 demonstratione,
826 3100 870 3179 (cf.
889 3099 978 3153 Hand.
995 3048 1072 3155 fors.
1090 3049 1144 3155 iii.J
1159 3117 1184 3169 p.
1206 3103 1273 3166 137.)
1297 3100 1378 3171 longe
1411 3101 1500 3155 fortius

330 3171 553 3288 nnana
574 3167 813 3290 titania
826 3184 866 3288 8ο
883 3166 1364 3289 ἱ88ῖ“ἓ88ξ88”88888ἀ
1383 3167 1500 3291 imi?

560 3256 567 3300 ;
769 3279 774 3288 .
1319 3252 1382 3290 roo
1445 3251 1500 3289 eo

330 3318 388 3355 rum
406 3300 490 3357 Oodd.
505 3302 596 3370 (Med,
614 3252 682 3365 Pil,
694 3252 779 3366 Boin,
799 3249 885 3356 serii
893 3302 928 3356 11.
941 3301 992 3355 III*
1012 3302 1126 3355 aliorum
1147 3304 1190 3365 ue)
1200 3302 1325 3356 etSohol.
1340 3253 1492 3358 Stetn'i‘tteb

330 3368 382 3430 ΙΙΙ,
397 3371 437 3421 71.
448 3369 637 3448 auctoritatem
649 3368 821 3431 cumlahuio,
840 3368 943 3436 Gossr,
956 3369 1083 3438 Hanptio,
1101 3318 1236 3430 Riirbeok,
1255 3368 1373 3431 Laden„
1392 3370 1499 3436 Coning-

332 3437 396 3488 tonc
415 3438 443 3488 et
461 3435 588 3490 Benorsto
606 3454 670 3489 nam
686 3435 803 3496 restitui,
822 3433 894 3504 quod
913 3451 978 3489 sane
996 3438 1024 3490 et
1042 3437 1129 3505 ipsum
1144 3436 1243 3490 bouum
1261 3453 1372 3492 sensum
1409 3438 1497 3491 raobet.

330 3499 364 3553 W
420 3501 462 3554 ‚in
469 3500 541 3556 Phil.
549 3501 642 3580 suppl.
656 3504 678 3556 1.
692 3518 719 3571 p.
733 3504 792 3556 390.
805 3503 862 3555 inm
874 3502 1023 3556 etiamnum
1034 3508 1142 3557 strenue
1155 3501 1286 3559 defendit.
1299 3535 1333 3544 -
1405 3548 1410 3557 .
1416 3504 1499 3575 figit

329 3568 634 3689 renaseuntur
650 3569 769 3690 rens,
787 3567 977 3691 iiiiii
990 3573 1050 3691 us
1320 3572 1498 3692 flue

329 3651 904 3840 ⁸on
922 3653 1418 3826 princerfiieifir’
1449 3680 1498 3761 ,-

327 3810 435 3917 summa
453 3811 596 3892 velocitate
609 3814 640 3891 in
659 3839 750 3893 orbem
767 3777 974 3908 equimtsquevid.
1033 3789 1106 3894 lfico.
1129 3789 1497 3902 ivli‚a115.mgm884.9drii'

329 3911 414 3957 tanat
440 3903 516 3973 (tela)
546 3922 669 3961 oureus
698 3907 799 3960 ambo.
833 3904 877 3959 Sic
904 3904 974 3960 Med.
993 3922 1061 3961 am.
1081 3923 1121 3976 pr.
1140 3909 1168 3960 et
1186 3906 1270 3969 Gud.;
1294 3909 1380 3963 ceteri
1405 3924 1498 3962 meus.

329 3969 390 4025 Vid.
409 3988 490 4043 snpra
509 3974 544 4027 ad
561 3990 587 4029 v.
607 3976 663 4029 271.
683 4004 713 4012 -
732 3972 797 4035 885.
816 3973 950 4036 „Laevum
968 3974 995 4027 in
1032 3975 1118 4028 artem
1146 3973 1207 4028 ideo
1225 3975 1340 4029 maxime
1359 3975 1499 4046 equitabat

328 4040 368 4101 ut,
387 4039 444 4109 ipse
460 4040 538 4096 laeva
555 4041 639 4109 clipeo
657 4045 755 4109 tectus,
786 4044 814 4095 et
832 4040 926 4094 dextre
943 4056 1008 4110 expe
1029 4041 1081 4105 ts,
1104 4042 1223 4107 Aeneae,
1255 4043 1302 4111 qui
1328 4044 1353 4095 ei
1371 4060 1427 4097 sem
1487 4056 1500 4093 a

327 4105 405 4161 laeva
424 4108 450 4161 in
470 4108 596 4164 interiore
664 4109 754 4164 iorbe
771 4108 876 4173 stabat,
909 4106 1032 4162 dextrum
1051 4109 1125 4163 istus
1183 4111 1266 4175 taret,
1299 4110 1373 4179 quod
1392 4126 1409 4164 e
1425 4058 1500 4177 &pec

327 4175 430 4228 tectum
450 4191 502 4255 nou
520 4179 588 4257 erat.
643 4176 676 4231 ed
693 4177 798 4231 Aeneas
824 4175 937 4244 clipeum
956 4174 1110 4229 circumfert
1134 4192 1148 4230 e
1167 4175 1250 4231 -huno
1300 4177 1391 4232 uidero
1409 4194 1433 4231 v.
1451 4178 1500 4228 itt.

328 4243 468 4294 oneratum
485 4242 577 4297 miixrs
597 4244 696 4299 hostis:
716 4243 739 4297 is
757 4258 817 4298 exce
836 4244 896 4297 erat
913 4243 942 4296 et
959 4243 1128 4297 sustinuerat
1145 4244 1230 4298 teln.“
1297 4263 1356 4313 eyn.
1394 4244 1501 4311 Coniug-

328 4310 375 4361 ton
404 4323 461 4362 com
483 4311 544 4363 arat
572 4311 650 4367 Ovid.
678 4311 743 4365 net.
830 4349 836 4372 ,
862 4312 920 4364 468.
957 4318 1109 4379 certamque
1171 4312 1269 4365 aeaeis
1298 4313 1328 4365 in
1358 4316 1456 4366 ortas
1473 4339 1500 4349 -

250 4447 257 4459 .
330 4373 394 4434 886.
415 4324 769 4455 Tednmaouiociena,
796 4379 828 4430 ut
854 4378 1145 4445 supensos-8
1187 4386 1331 4433 ‚aerato
1359 4380 1500 4447 teqmr'sa

331 4442 373 4497 Ne
390 4459 450 4522 quus
468 4442 546 4497 maht
573 4452 687 4507 aurato,
717 4444 750 4499 of.
769 4458 851 4523 supra
883 4443 917 4497 ad
938 4460 961 4498 v.
981 4447 1040 4500 271.
1071 4444 1176 4499 adnott.
1212 4445 1328 4499 Videtur
1359 4453 1450 4501 autem
1472 4443 1501 4497 de

331 4512 407 4630 iciw
427 4508 516 4589 irgneo
533 4525 595 4591 aere
613 4511 729 4591 obducto
747 4511 921 4592 cogitandum
940 4527 1011 4579 esse,
1036 4514 1065 4565 nt
1083 4513 1139 4567 tela
1155 4529 1216 4567 sere
1233 4512 1371 4581 perforato
1391 4515 1422 4593 in·
1436 4513 1501 4581 ligno

324 4577 1379 4762 {cottidiana,iitaitittfffltsqtttfastidito
1396 4581 1501 4718 titt

347 4715 420 4765 έιων
442 4716 560 4767 σακίων.
578 4743 610 4753 -
629 4713 669 4768 De
683 4713 773 4767 salvo
802 4714 950 4768 iaculorum
980 4712 1064 4768 clueo
1093 4714 1233 4769 intixorum
1257 4716 1303 4781 (cf.
1324 4731 1349 4768 v.
1367 4720 1437 4781 808.)
1453 4711 1499 4766 vid.

329 4776 434 4833 adnott.
453 4778 487 4834 ad
506 4779 570 4837 Geo.
590 4781 612 4844 1,
633 4784 673 4834 76.
692 4782 720 4835 et
737 4781 798 4836 Inte
851 4780 910 4835 .ad
929 4779 999 4835 lilor.
1057 4783 1125 4846 ‚tn
1159 4782 1288 4836 Imitetur
1318 4782 1392 4837 hunc
1420 4782 1499 4837 locun

331 4842 432 4923 Ancon.
449 4846 497 4915 VI,
517 4851 574 4902 205.
593 4854 632 4901 tot
648 4849 797 4903 vulnerat
842 4848 944 4902 'Solae
960 4848 1025 4911 obit,
1043 4849 1206 4917 densamqaoe
1223 4850 1318 4914 feraria
1342 4851 1373 4903 in
1400 4857 1500 4920 pecten

330 4912 439 4981 ulnam,
456 4914 503 4967 ubi
522 4914 574 4968 vid.
587 4915 702 4971 Cortius.
722 4945 755 4955 -
772 4910 838 4976 288.
857 4922 906 4970 tot
921 4916 1064 4968 traxisse
1081 4933 1200 4970 moros.
1234 4916 1498 4978 stercorandam,

331 4981 488 5049 producere
504 4998 548 5053 ap.
567 4983 758 5051 Quinctilii,
780 4987 805 5048 2,
823 4987 865 5039 88.
892 4985 921 5039 et
940 4983 998 5037 Ter.
1016 4981 1098 5039 Andr.
1117 4983 1169 5051 ΠΙ,
1189 4990 1213 5047 5,
1232 4989 1258 5038 9.
1293 4983 1332 5038 Ut
1353 4983 1398 5039 hio
1415 4996 1500 5039 nom
