3359 5725
327 582 389 628 v111
529 561 801 628 PROOEMIUM
824 562 1056 630 EDITIONIS
1080 560 1304 646 QUARTAE.

325 728 466 815 spatium
480 728 703 804 intercederet,
723 751 825 816 quare
837 727 947 794 multis
961 728 1190 794 additamentis
1208 728 1363 794 extremis
1377 728 1460 793 Vell.
1474 729 1500 793 I.

324 821 357 876 et
364 811 408 878 H.
426 811 563 877 adiectis
576 834 658 899 epus
670 813 770 876 fuisse
780 834 874 877 neme
890 812 1071 895 mirabitur,
1084 813 1232 897 quamvis
1243 811 1305 878 hec
1319 813 1330 876 i
1355 834 1390 876 se
1403 835 1500 899 quam

324 894 468 960 maxime
484 893 621 961 doleam.
665 895 817 961 Ceterum
835 905 931 992 grate
950 898 1059 960 animo
1082 904 1227 972 attestor,
1250 897 1283 959 in
1305 834 1388 961 liire
1409 897 1498 982 typis

325 976 540 1043 describendo
553 985 590 1064 ty
615 978 741 1044 othetas
751 978 941 1065 Lipslenses
956 980 1181 1079 imprimisque
1193 977 1323 1044 doctum
1340 990 1501 1045 correcte·

323 1083 403 1143 rem,
431 1059 535 1127 Oand.
563 1085 584 1149 p
610 1062 672 1128 ‘ot
697 1061 736 1126 A
758 1061 797 1127 R.
818 1061 842 1128 J
850 1083 962 1144 enne,
994 1072 1085 1127 tanta
1111 1061 1279 1148 diligentia
1306 1071 1337 1128 et
1365 1063 1499 1127 circum·

325 1168 340 1208 s
367 1145 492 1209 ectione
513 1154 661 1211 versatos
683 1167 770 1229 esse,
798 1155 833 1209 ut
854 1166 1021 1231 perpauca
1048 1154 1174 1211 tantum
1200 1144 1318 1210 menda
1346 1156 1501 1232 typogra-

324 1167 424 1314 pinea
438 1250 476 1293 su
501 1229 602 1292 ersint
615 1228 700 1294 cerri
725 1227 818 1311 enda,
833 1250 917 1317 quae
935 1227 1036 1294 lector
1050 1227 1226 1294 benevolus
1242 1227 1339 1293 facile
1354 1228 1499 1294 animad-

324 1250 499 1389 vertet.³⁷i
525 1308 580 1376 Sic
599 1312 698 1397 igitur
741 1333 802 1376 anc
821 1334 941 1376 nevam
961 1311 1144 1391 editionem,
1166 1333 1230 1396 qua
1252 1334 1318 1376 nen
1340 1313 1499 1378 acuminis

326 1403 358 1459 et
380 1393 585 1478 sagacitatis,
614 1393 671 1460 sed
700 1403 826 1459 tantum
849 1393 905 1459 dili
931 1396 1036 1460 entiae
1061 1405 1092 1459 et
1114 1393 1215 1459 sobrii
1237 1393 1348 1460 iudicii
1369 1394 1499 1459 laudem

327 1477 460 1559 affecte,
490 1485 522 1540 et
548 1479 583 1541 in
610 1500 675 1564 qua
698 1477 801 1542 multa
828 1417 1009 1543 desiderari
1038 1476 1298 1578 reprehendique
1324 1501 1422 1565 posse
1449 1501 1499 1543 me

326 1583 392 1624 nen
418 1558 517 1645 fugit,
544 1562 689 1626 virerum
715 1560 885 1627 doctorum
914 1561 1134 1648 indulgentiae
1155 1562 1252 1626 etiam
1276 1570 1375 1650 atquc
1401 1563 1498 1627 etiam

326 1642 402 1708 volo
424 1643 690 1709 commendatam.

326 1798 478 1805 ..-——..
515 1801 535 1804 ἶ.

360 1893 404 1959 st)
422 1892 466 1948 Sic
483 1892 582 1947 v01.1.
604 1909 629 1962 p.
649 1894 707 1947 319.
724 1892 784 1960 lege
808 1890 914 1956 formis
937 1894 997 1971 (pro
1018 1891 1125 1961 setila).
1155 1909 1182 1961 p.
1201 1896 1259 1947 480.
1280 1899 1360 1948 notes
1383 1894 1501 1948 tabuere

327 1962 386 2028 (pre
408 1958 525 2029 simplici
543 1961 680 2025 nauem).
713 1976 741 2028 p.
762 1963 821 2014 492.
848 1959 971 2040 reppulit
982 1964 1050 2080 l(pro
1077 1961 1198 2032 repudit).
1230 1977 1257 2082 p
1279 1965 1335 2015 520.
1360 1979 1500 2017 numerum

326 2031 387 2081 427.
407 2029 466 2098 (pro
483 2030 554 2095 472.)
583 2026 641 2081 Vel.
659 2028 695 2081 11.
736 2030 821 2082 ,149
838 2029 885 2083 dea
905 2031 963 2098 (pre
1004 2028 1045 2096 aa).
1074 2044 1100 2097 p.
1121 2032 1177 2083 rst.
1200 2028 1259 2084 dee
1281 2046 1334 2099 per
1355 2033 1417 2100 pest
1434 2031 1501 2083 insi·

327 2095 449 2149 diarum
478 2112 504 2165 p.
523 2098 580 2149 237.
603 2094 663 2164 lege
685 2114 702 2149 a
725 2096 825 2150 iuvisse
849 2101 858 2160 (
879 2112 908 2151 ro
927 2095 1093 2161 adiuvaese).
1123 2112 1151 2166 p.
1170 2100 1228 2151 451.
1252 2115 1358 2151 contem
1378 2102 1387 2165 (
1409 2115 1437 2152 re
1456 2117 1501 2151 co·

327 2165 426 2225 mena).
454 2179 481 2232 p.
502 2166 559 2219 614.
579 2162 642 2218 Gee.
661 2162 697 2226 11,
717 2166 774 2218 252.
793 2113 917 2234 (proiII,
929 2166 998 2228 252.)
1016 2182 1042 2235 p.
1055 2167 1114 2219 495.
1133 2163 1193 2218 dele
1203 2164 1371 2245 leenmAen.
1384 2116 1430 2229 ii,
1442 2169 1499 2219 457.

328 2228 639 2365 tot.)11t1p.2t.1ege
662 2247 771 2294 mnam,
794 2239 825 2285 ut
846 2248 894 2302 pro
915 2249 1011 2298 eumn,
1033 2235 1096 2299 sat).
1127 2249 1154 2302 p.
1174 2236 1234 2287 369.
1255 2251 1357 2301 anaqam
1379 2238 1436 2303 (pre
1462 2235 1500 2287 in-

327 2314 389 2366 puts
418 2313 470 2352 ee.
