3359 5725
320 611 428 659 xxxiv
471 591 582 657 DISS.
603 590 667 655 Da
689 590 725 656 P.
746 588 878 656 VERG.
898 588 1004 654 MAR.
1027 587 1138 652 VITA
1159 586 1220 651 ET
1243 585 1379 652 casii.

321 760 464 824 Romani
485 758 608 841 ingenii
640 780 784 822 summae
812 758 958 833 virtutes,
989 753 1145 820 fortitudo
1180 752 1295 818 bellica
1324 760 1357 816 et
1384 751 1486 838 pietas,

321 844 440 907 mirum
472 843 505 907 in
541 840 673 906 modum
705 842 895 907 coniunctae
931 847 1145 924 apparerent,
1180 847 1211 901 et
1244 838 1299 923 qui
1332 846 1487 921 tamquam

322 936 437 991 auctor
459 926 565 1012 gentis
586 923 689 989 Iuliae
711 923 995 1011 exoptatissimam
1022 921 1195 1007 praeberet
1221 920 1487 1006 opportunitatem

323 1009 498 1074 Octaviani
519 1008 659 1094 Augusti
682 1006 878 1084 celebrandi,
907 1004 996 1069 illius
1016 1006 1090 1087 viri,
1119 1006 1173 1092 qui
1194 1014 1289 1068 natus
1321 1002 1486 1082 videretur,

321 1102 358 1159 ut
379 1092 469 1158 illam
491 1094 596 1178 ipsam
619 1090 732 1179 populi
753 1089 892 1156 Romani
914 1089 1117 1153 maiestatem
1147 1086 1190 1152 ad
1218 1109 1380 1151 summum
1408 1084 1488 1149 fasti-

322 1179 411 1262 gium
434 1175 595 1251 eveheret,
618 1176 724 1260 magis
747 1183 866 1255 tamen,
890 1194 987 1259 quam
1008 1173 1042 1236 in
1063 1172 1180 1236 ceteris
1196 1167 1399 1235 carminibus
1421 1170 1488 1249 suis,

323 1269 420 1346 poeta
440 1260 509 1324 fere
530 1267 617 1324 totus
639 1258 761 1345 pendet
775 1280 795 1322 a
809 1256 957 1338 Graecis,
980 1277 1053 1319 cum
1070 1278 1134 1320 non
1150 1253 1252 1319 solum
1267 1255 1374 1340 ipsam
1391 1251 1489 1316 ideam

322 1353 486 1429 totamque
525 1341 776 1442 descriptionem
811 1349 844 1405 et
873 1338 1118 1426 dispositionem
1148 1339 1271 1426 operis,
1304 1335 1362 1401 sed
1401 1337 1490 1399 etiam

322 1448 477 1511 magnam
507 1435 738 1492 sententiarum
769 1422 1008 1511 verborumque
1035 1434 1162 1509 partem
1197 1443 1239 1485 ex
1271 1418 1418 1484 Homero
1433 1419 1491 1495 ¹⁰⁸),

324 1510 416 1575 cuius
447 1508 632 1607 Odysseam
652 1511 687 1574 iii
709 1531 768 1573 sex
784 1504 960 1594 prioribus,
980 1505 1086 1570 Iliada
1108 1507 1142 1570 in
1173 1527 1232 1569 sex
1260 1500 1492 1590 posterioribus

322 1591 416 1657 libris
451 1593 596 1657 imitatus
632 1603 695 1674 est,
737 1600 769 1656 et
807 1612 850 1655 ex
887 1588 960 1654 aliis
1019 1590 1101 1654 oetis
1141 1587 1295 1669 Graecis,
1337 1586 1493 1672 imprimis

321 1674 495 1762 Apollonio
527 1675 655 1741 Rhodio
685 1675 824 1758 aliisque
854 1611 1087 1738 Alexandiinis
1103 1674 1169 1752 ¹⁰⁹),
1196 1670 1342 1755 adeoque
1363 1693 1407 1735 ex
1434 1669 1495 1733 La·

322 1760 399 1825 tinis
421 1759 536 1846 poetis,
564 1759 620 1905 qpi
645 1758 732 1822 idem
762 1767 988 1842 argumentum
1020 1757 1084 1820 iam
1115 1764 1346 1836 tractaverant,
1374 1753 1495 1817 Naevio
1553 1818 1554 1828 ,

322 1843 465 1908 maxime
501 1849 533 1906 et
597 1845 685 1923 nnio,
718 1840 938 1926 deprompsit,
972 1838 1072 1904 multa
1109 1838 1262 1925 denique,
1322 1859 1384 1901 uae
1421 1837 1496 1900 anti-

325 1947 422 2012 quam
455 1924 573 1989 Italiae
608 1924 777 1989 historiam
818 1946 833 1988 s
860 1920 1026 2005 ectabant,
1066 1945 1107 1986 ex
1143 1920 1279 1986 Catonis
1299 1860 1500 2006 (briginibus

324 2020 357 2073 et
391 2007 434 2072 M.
469 2008 616 2075 Terentii
650 2007 809 2072 Varronis
835 1947 940 2070 libris
980 2006 1129 2070 hausisse
1164 2003 1329 2091 putandus
1365 2013 1416 2067 est
1437 2004 1500 2078 ¹¹⁰).

324 2091 398 2156 Non
426 2090 590 2156 mediocre
614 2101 723 2156 tamen
751 2091 835 2154 inter
865 2089 1045 2154 Homerum
1070 2098 1102 2153 et
1123 2087 1305 2174 Vergilium
1327 2085 1502 2152 intercedit

326 2172 509 2238 discrimen.
560 2173 619 2239 Ille
654 2177 749 2256 enim,
787 2174 842 2260 qui
879 2174 1013 2260 propius
1046 2170 1229 2256 attingebat
1260 2169 1320 2236 illa
1354 2180 1503 2256 tempora

324 2257 472 2339 heroica,
508 2279 592 2357 quae
625 2256 825 2322 carminibus
856 2258 923 2320 suis
960 2254 1162 2337 celebrabat,
1202 2255 1257 2354 qui
1294 2252 1355 2318 sub
1388 2253 1503 2318 eodem

326 2340 415 2406 coelo
448 2352 480 2404 et
517 2350 601 2405 rnter
635 2340 781 2404 homines
817 2339 983 2425 simplices
1018 2349 1050 2404 et
1082 2338 1224 2404 naturali
1256 2336 1398 2425 quodam
1435 2334 1505 2423 pul·

326 2423 396 2488 chri
434 2445 529 2489 sensu
563 2423 704 2489 imbutos
737 2421 879 2499 vivebat,
915 2422 1032 2510 quibus
1068 2444 1106 2486 ea
1138 2423 1256 2503 omnia,
1291 2442 1376 2506 quae
1411 2432 1505 2484 vates

324 2504 493 2583 narrabat,
525 2515 618 2572 erant
644 2507 816 2572 notissima
846 2517 878 2569 et
905 2506 982 2570 fixis
1008 2506 1101 2590 quasi
1128 2502 1313 2570 notionibus
1343 2505 1506 2589 impressa

325 2611 468 2673 vereque
490 2590 538 2654 ita
560 2599 654 2674 gesta
678 2612 749 2654 esse
780 2588 998 2654 credebantur
1026 2598 1057 2652 et
1088 2590 1205 2652 animis
1235 2587 1348 2652 eodem
1377 2588 1506 2668 affectu,

326 2694 389 2758 quo
412 2682 582 2759 correptus
602 2672 658 2737 ille
680 2671 829 2753 canebat,
851 2672 1063 2736 inflammatis
1086 2670 1313 2750 audiebantur,
1337 2671 1392 2755 qui
1415 2671 1506 2735 deni·

326 2776 388 2841 que
425 2778 571 2820 sermone
611 2754 764 2819 utebatur
799 2765 917 2819 natura
953 2778 1013 2820 sua
1048 2755 1174 2841 poetico
1209 2764 1240 2819 et
1267 2753 1435 2818 rhetorum
1469 2774 1508 2818 ac

325 2839 611 2924 grammaticorum
633 2846 751 2924 arguta
783 2835 963 2904 subtilitate
991 2837 1135 2906 nonduin
1157 2846 1324 2903 attenuato
1347 2846 1379 2901 et
1401 2837 1508 2904 defor-

325 2936 423 3003 mato,
451 2924 531 2987 satis
563 2933 650 3002 erat,
683 2933 720 2986 ut
748 2920 853 2986 solum
881 2923 1047 3007 ingenium
1081 2931 1113 2986 et
1138 2930 1290 2986 naturam
1317 2932 1509 3007 sequeretur

326 3004 458 3087 ducem,
482 3004 627 3091 Vergilio
649 3019 771 3087 contra,
795 3006 851 3089 qui
873 3004 1002 3069 abillis
1024 3004 1225 3091 temporibus
1241 3005 1338 3090 longe
1360 3015 1508 3069 remotus

329 3098 408 3168 erat,
427 3090 482 3175 qui
498 3088 630 3153 vivebat
644 3089 730 3153 inter
744 3087 892 3153 homines
905 3087 1033 3152 illarum
1048 3090 1254 3176 antiquarum
1272 3110 1381 3152 rerum
1399 3092 1508 3152 minus

327 3194 449 3257 gnaros
464 3193 664 3259 prorsusque
679 3170 774 3237 aliter
789 3172 964 3237 sentientes
979 3180 1011 3236 et
1026 3173 1217 3257 cogitantes,
1237 3172 1323 3236 inter
1339 3170 1509 3238 Romanos

327 3255 485 3341 superbos
516 3266 549 3321 et
569 3255 769 3339 fastidiosos,
799 3255 888 3341 apud
914 3277 995 3340 quos
1025 3256 1095 3321 sine
1125 3255 1291 3322 doctrinae
1322 3261 1355 3319 et
1384 3255 1510 3321 multae

326 3422 535 3434 *—

330 3537 400 3602 725.)
434 3536 475 3592 De
493 3535 636 3606 aptissima
654 3541 747 3593 tamen
765 3537 814 3593 illa
832 3539 1008 3609 Inscriptions
1027 3540 1061 3595 of.
1079 3539 1192 3596 Lobecli.
1211 3539 1319 3597 Pathol.
1337 3559 1359 3597 s.
1377 3540 1426 3598 Gr.
1464 3561 1509 3600 ro·

326 3604 424 3740 118561.
432 3607 545 3727 lagapit
561 3605 654 3675 Unger
670 3606 699 3660 iii
715 3606 811 3677 Progr.
830 3607 1036 3664 Neobrandeub.
1062 3624 1086 3663 a
1105 3613 1178 3663 1855.
1200 3624 1217 3663 a
1234 3609 1380 3664 Ribbeckio
1397 3560 1510 3683 Prdleg.

391 3742 454 3818 108)
472 3739 515 3795 ci.
534 3743 643 3809 praeter
662 3739 758 3806 Ursini,
778 3741 921 3796 Eichhotfii
938 3746 967 3798 11
983 3743 1084 3798 Tissoti
1100 3744 1185 3799 libros
1202 3745 1257 3799 iani
1275 3761 1359 3815 supra
1377 3746 1510 3803 laudatos

328 3805 432 3886 11111111
450 3807 498 3887 III,
517 3812 541 3862 9.
558 3808 677 3888 Scaliger
694 3809 771 3864 Post.
789 3810 822 3877 V,
842 3816 864 3865 3.
884 3813 911 3865 et
927 3815 951 3865 4.
976 3812 1079 3866 Walch.
1107 3812 1140 3866 do
1164 3829 1203 3880 eo,
1236 3813 1307 3882 quod
1324 3813 1441 3870 nimium
1464 3819 1510 3871 est

326 3891 354 3927 in
375 3877 529 3929 imitatione
546 3876 657 3930 Homeri
675 3877 833 3946 VirgiIIana.
852 3878 1019 3948 SchlousIng.
1041 3883 1115 3935 1773.
1133 3884 1157 3933 4.
1176 3880 1314 3934 Tittnianii
1339 3880 1372 3935 do
1390 3883 1510 3953 Virgilio

326 3941 474 3998 Homerum
490 3943 625 3998 imitante.
660 3944 750 3999 Vitob.
773 3950 844 4001 1181.
868 3951 896 4002 4.
912 3945 1013 4001 Lauter
1036 3947 1070 4002 de
1090 3948 1203 4017 Virgilio
1227 3948 1365 4003 imitatore
1381 3950 1508 4010 Homeri.

325 4009 583 4067 Hellanicus.
619 4011 770 4068 Μέιηοίνοε
802 4016 837 4067 dc
866 4015 976 4069 I'Acad.
1003 4017 1052 4069 dea
1074 4015 1161 4070 liuor.
1180 4017 1203 4068 I.
1222 4032 1248 4085 p.
1270 4020 1325 4071 iii.
1344 4033 1403 4085 sqq.
1423 4019 1459 4075 11
1480 4038 1507 4101 p.

327 4081 372 4132 iii
394 4095 407 4158 s
427 4096 453 4148 q.
483 4079 568 4148 Hoyn.
592 4078 625 4134 de
647 4097 728 4137 carin.
755 4080 828 4161 spico
852 4099 877 4151 p.
899 4085 929 4136 19
948 4099 979 4162 sq
1000 4122 1007 4135 .
1030 4085 1058 4137 11
1078 4082 1106 4136 in
1132 4084 1283 4138 Commeat.
1306 4083 1340 4137 de
1362 4101 1454 4141 rerum
1478 4105 1508 4142 ιιι

324 4095 441 4224 Aeneide
467 4148 647 4202 tractatarum
675 4149 844 4214 inventione;
872 4149 972 4205 Sulzeri
1037 4167 1089 4205 eor.
1119 4155 1184 4205 artt.
1208 4153 1229 4206 1.
1252 4168 1277 4220 p.
1301 4154 1333 4205 28
1352 4168 1410 4222 sqq.
1443 4172 1508 4211 oiim

325 4211 462 4266 additam.
485 4214 545 4271 VIL
568 4233 595 4283 p.
620 4219 701 4270 2891
741 4259 746 4270 .
783 4216 907 4272 Andreae
931 4217 1064 4272 Locorum
1092 4218 1258 4287 quorundam
1285 4218 1508 4277 Homerico-Vir·

325 4279 488 4361 gilianorum
510 4282 586 4350 Spec.
609 4281 630 4337 I.
654 4234 739 4338 eall.
760 4284 934 4339 1111118111.
958 4289 986 4340 11
1006 4290 1077 4341 isit.
1100 4286 1208 4365 ι1111111
1226 4287 1334 4341 Homer
1351 4306 1376 4343 a.
1401 4289 1506 4372 Virps't

324 4364 384 4402 crae
395 4346 548 4404 Paradae.
571 4349 677 4416 Ertirrt
690 4353 763 4405 iani.
786 4351 884 4406 Eclisrt
895 4353 1036 4408 Parallalc
1053 4355 1184 4408 zacchar
1199 4357 1229 4409 d.
1243 4355 1315 4408 Its'aa
1330 4374 1357 4410 a.
1370 4357 1505 4414 Aeneade.

325 4416 601 4495 Μ11Ὓ1111118111.1.Ι
620 4418 767 4497 Steinmetz
785 4419 817 4474 de
834 4419 939 4499 abquot
957 4420 1022 4475 lonis
1040 4420 1175 4490 Odysseae
1192 4426 1220 4477 et
1237 4422 1369 4477 Aeneidos
1387 4425 1424 4479 ad
1442 4427 1509 4482 Orci

324 4482 499 4562 Mamumque
517 4484 722 4563 descriptionem
761 4487 948 4542 ertineutrbus.
975 4488 1090 4544 Merseb.
1113 4495 1184 4545 islo.
1208 4490 1266 4546 Nae
1286 4490 1417 4546 clobuchii
1435 4493 1508 4549 Cen·

325 4566 390 4605 sura
407 4550 487 4605 limus
506 4551 570 4605 edit
591 4568 666 4607 meae
690 4554 719 4607 in
772 4556 907 4609 11111111·
924 4555 986 4610 Gal.
1005 4558 1143 4627 Anaaipen
1162 4561 1234 4613 1838.
1285 4561 1455 4616 ,109-111.
1477 4567 1508 4618 11

325 4618 453 4688 Wagneri
469 4618 594 4688 Prolegg.
612 4620 654 4674 ed.
672 4621 737 4675 min.
753 4640 779 4692 p.
797 4623 900 4677 XXIII.

395 4688 453 4753 109)
470 4685 511 4741 (11.
531 4686 653 4757 Scaliger
669 4687 746 4744 Post.
766 4690 797 4743 V.
815 4694 839 4747 6.
857 4689 1001 4746 Wsichert.
1018 4693 1086 4746 ithai·
1109 4695 1136 4747 d.
1154 4693 1245 4748 Laberi
1266 4712 1294 4748 a.
1312 4694 1434 4750 Gedictt
1455 4700 1507 4753 das

325 4752 455 4871 31111111.
474 4755 774 4877 ⁰⁰“1ll0dw.ff·4⁰⁵·
804 4759 838 4813 W
857 4759 994 4837 tteubach.
1014 4758 1085 4814 Bibl.
1104 4763 1162 4816 orit.
1181 4761 1255 4829 11‚2.
1275 4778 1300 4830 p.
1319 4765 1363 4843 26,
1378 4763 1506 4821 Balloort

345 4820 464 4889 ehpoll.
483 4823 581 4877 Rhodri
598 4823 675 4878 laudi
694 4840 726 4878 us
743 4827 813 4894 poet.
870 4843 906 4897 aJ.
925 4826 960 4880 ad
978 4826 1030 4881 ah.
1051 4830 1169 4951 182&ss
1191 4833 1224 4883 70
1240 4845 1298 4899 sqq.
1318 4830 1373 4886 alii.

394 4891 452 4953 110)
471 4888 513 4947 ei.
532 4891 733 4972 1111111111.
753 4897 762 4960 (
784 4937 789 4947 .
811 4897 850 4972 67,
869 4894 927 4974 af)
946 4896 974 4948 et
991 4894 1112 4950 Schebcn

325 4956 407 5020 atque
425 4955 485 5034 Ista
507 4961 570 5014 ante
592 4958 738 5041 Virgihum
762 4909 985 5043 describentibus.
1030 4963 1178 5018 Mtnsteroi

328 5020 678 5085 baiocacensium
701 5027 806 5098 Vargula
824 5030 932 5085 Aenea.
968 5029 1053 5087 Brcsl.
1074 5035 1147 5088 1858.
1165 5036 1189 5086 t.

1180 4897 1266 5018 poetis
1283 4898 1389 4953 Aeneae
1407 4899 1504 4969 fugam

1191 4964 1217 5018 el
1240 4968 1314 5019 1828.
1338 4970 1361 5022 1.
1383 4967 1504 5023 Knsohel
