3359 5725
326 592 388 655 602
682 585 717 649 P.
740 581 926 647 VERGILI
947 581 1146 649 MARONIS

326 752 458 817 Emicat
476 751 532 816 hic
551 752 673 838 inpune
696 759 813 836 putans
836 760 867 815 et
890 771 1029 835 corpore
1048 759 1115 815 toto

326 833 401 899 Alte
424 832 584 898 sublatum
607 857 723 899 consur
749 835 774 896 ‘t
795 834 926 898 Turnus
944 837 977 898 in
999 855 1109 897 ensem

327 919 372 983 Et
392 919 475 983 ferit
519 917 715 981 Exclamant
766 938 839 980 roes
863 928 912 981 tre
937 915 1046 1003 idique
1068 915 1190 999 Latini,
1455 930 1502 982 7³0

327 1001 547 1087 Arrectaeque
569 999 738 1065 amborum
761 1001 859 1065 acies.
933 1011 946 1063 t
967 998 1112 1085 perfidus
1135 1001 1226 1067 ensis

328 1085 509 1168 Frangitur
531 1085 564 1147 iu
585 1083 757 1167 medioque
779 1082 945 1147 ardentem
968 1083 1089 1146 deserit
1110 1084 1203 1164 ictu,¹

328 1167 369 1231 Ni
391 1167 470 1252 luga
491 1165 637 1230 subsidio
661 1166 786 1231 subeat.
828 1167 930 1251 Fugit
951 1167 1040 1230 ocior
1063 1165 1161 1247 Euro,

326 1249 372 1314 Ut
393 1248 543 1336 capulum
565 1251 712 1335 ignotum
735 1249 949 1336 dextramque
971 1250 1102 1336 aspexit
1124 1249 1290 1316 inermem.

330 1441 534 1448 *oa-Q„—

327 1552 427 1622 aliique
446 1550 528 1606 Codd.
547 1550 658 1604 minoris
676 1550 766 1620 pretii.
783 1550 868 1606 Prisc.
886 1567 912 1620 p.
933 1553 999 1614 tae.
1017 1551 1120 1605 Nonius
1138 1568 1164 1619 p.
1185 1554 1242 1617 277,
1275 1555 1310 1619 7.,
1340 1552 1452 1607 Servius
1477 1554 1504 1606 et

328 1620 472 1688 Agroetius
489 1636 514 1687 p.
534 1623 608 1673 2210.
626 1618 656 1672 Ρ.
676 1634 723 1685 pro
741 1625 771 1672 ct
787 1618 877 1673 miuus
895 1620 958 1685 apte
976 1617 1176 1673 exhibentem.
1205 1617 1288 1673 Recte
1307 1619 1382 1674 enim
1401 1620 1502 1688 Heme:

327 1706 413 1756 ‚qao
443 1694 560 1755 serpat
583 1687 738 1756 pondere
762 1685 874 1739 letam:
902 1688 965 1740 utra
981 1685 1044 1739 laur
1062 1686 1178 1755 pondere
1196 1687 1327 1755 [latorum
1345 1687 1453 1742 Aeneae
1469 1703 1501 1740 au

326 1755 534 1875 Turnilflvergat
551 1754 742 1827 (καιαρῥέπει)
761 1769 845 1822 eoque
863 1753 921 1821 ipso
939 1755 1055 1808 mortem
1073 1753 1226 1808 denuntiet:
1243 1755 1327 1808 letum
1345 1755 1440 1826 itaque
1457 1771 1501 1823 pro

326 1823 386 1891 ipsa
443 1838 490 1875 nce
518 1820 594 1888 dixit,
643 1836 678 1874 na
706 1820 837 1874 inclinata
863 1821 1039 1891 subsequitur
1057 1837 1138 1875 mora.
1172 1823 1231 1875 Iam
1249 1822 1325 1890 prius
1344 1823 1500 1884 membrum,

326 1907 420 1968 quem
438 1891 572 1943 damnet
590 1838 701 1950 talos,
732 1887 856 1958 equidem
874 1889 914 1943 sio
931 1890 1041 2009 accipio,
1067 1892 1099 1943 ιιι
1115 1890 1227 1943 eandem
1245 1890 1415 1943 seutentiam
1431 1905 1501 1943 mora

326 1973 374 2011 suo
392 1957 434 2011 bra
453 1958 568 2023 exponat
585 1958 682 2025 poeta:
713 1973 791 2024 quem
808 1959 926 2014 damnet.
951 1957 1008 2011 sci.
1028 1957 1092 2010 leto.
1127 1958 1283 2024 (Damnare
1300 1958 1400 2010 mortio
1417 1959 1502 2011 exstat

327 2024 373 2091 VI,
392 2028 451 2078 430.
483 2026 512 2078 et
542 2025 677 2078 aaronem
706 2031 790 2094 caput
808 2024 881 2078 Orco
900 2024 947 2087 IV,
966 2028 1036 2089 699.)
1071 2025 1169 2079 Utrum
1196 2042 1211 2078 e
1239 2023 1345 2080 duobus
1363 2024 1408 2078 his
1426 2024 1502 2078 morri

326 2092 446 2147 destinet
477 2090 571 2161 iniqua
606 2107 655 2144 sua
684 2092 810 2152 fortuna,
842 2092 984 2146 calamitas
1013 2108 1074 2158 sua;
1110 2091 1190 2146 labor
1218 2091 1310 2161 simpl.
1340 2108 1447 2162 pugna.
1475 2093 1502 2144 ut

328 2158 425 2223 πόνος,
455 2158 574 2227 μόχθος.
611 2159 660 2210 Est
682 2158 768 2226 igitur
785 2159 913 2225 vulgare:
943 2162 1011 2222 uter,
1041 2159 1117 2213 lance
1134 2159 1269 2213 alterutra
1285 2175 1394 2227 pressa,
1425 2158 1502 2214 morti

326 2226 507 2280 destinetur.“
549 2225 635 2290 Quam
653 2226 913 2293 interpretationem,
943 2230 974 2280 ut
992 2227 1226 2296 simplicissimam,
1258 2227 1358 2281 ceteris
1376 2227 1501 2307 praefero.

326 2294 446 2346 laborem
463 2293 496 2346 de
516 2309 622 2361 pugnae
639 2293 730 2347 labore
746 2293 910 2361 intelligens.
946 2293 1063 2357 Servius,
1089 2295 1132 2348 cui
1149 2294 1304 2348 adsentitur
1321 2294 1459 2350 Schnacb.
1477 2311 1501 2363 p.

327 2365 394 2423 311,
412 2359 548 2413 contraria
566 2361 609 2414 hic
627 2361 679 2414 sibi
697 2361 795 2431 opponi
812 2365 899 2424 ratus,
931 2378 971 2416 vv.
991 2380 1068 2430 quem
1084 2364 1194 2415 dommo
1210 2362 1293 2415 labor
1311 2362 1352 2416 sio
1370 2362 1500 2430 iuterpre-

326 2430 415 2482 tatur:
445 2429 480 2494 ,‚i.
500 2445 521 2481 e.
550 2445 628 2497 quem
647 2431 710 2483 voto
727 2428 823 2483 liberet
842 2429 911 2497 [uoti
926 2431 1048 2483 ἀαιιιιιιιιι
1080 2430 1114 2483 of.
1132 2429 1187 2485 Eol.
1206 2429 1239 2496 V,
1258 2431 1312 2499 sc]
1330 2430 1410 2484 labor
1427 2445 1499 2499 proe-

326 2494 420 2555 liandi,
438 2497 518 2564 parta
535 2496 590 2549 soil.
610 2496 757 2558 viatoria;“
786 2496 834 2550 sed
851 2504 924 2551 recte
943 2497 1052 2551 dubitat
1069 2497 1164 2566 Heyu„
1187 2513 1253 2552 uum
1270 2499 1410 2552 domm
1426 2498 1500 2551 abso·

325 2563 383 2617 luto
414 2563 453 2617 ita
484 2563 538 2618 dici
561 2564 687 2632 potuerit.
723 2563 827 2619 Peerllr.
848 2580 897 2632 per
913 2564 1035 2618 labereris
1051 2565 1141 2632 ipsum
1160 2564 1277 2619 lancium
1297 2570 1407 2620 motum
1423 2563 1502 2634 sigui·

326 2630 400 2685 ficari
418 2634 506 2700 putat,
526 2634 558 2684 ut
575 2631 619 2686 hio
637 2631 674 2685 sit
692 2648 799 2686 seusus:
818 2647 898 2701 quem
934 2631 1021 2686 endas
1037 2631 1161 2686 deorsum
1173 2632 1268 2686 labens
1281 2632 1404 2700 damnet,
1425 2631 1500 2687 morti

326 2699 452 2754 destinet.
488 2698 540 2754 Sed
578 2699 620 2752 uis
637 2715 765 2769 umquam
785 2699 905 2768 telequi
940 2699 1063 2753 laborem
1079 2699 1166 2753 dixit?
1191 2700 1293 2768 Bryoeo
1311 2699 1430 2768 denique
1447 2698 1499 2768 (qui

326 2765 442 2820 conferri
470 2765 547 2820 iubet
590 2767 611 2831 Ι,
629 2771 697 2834 416,
727 2768 774 2821 ubi
802 2767 869 2822 baec
894 2784 943 2821 vor
961 2767 1044 2820 simili
1062 2783 1142 2821 seusu
1179 2767 1249 2822 osita
1267 2767 1427 2822 inveniatur
1443 2766 1500 2834 (7)),

325 2833 407 2889 labor
434 2832 478 2888 bio
508 2837 551 2888 est
579 2835 639 2905 ipsa
656 2851 728 2889 mors
745 2835 858 2903 („deatb
876 2853 909 2889 or
925 2835 969 2889 tic
986 2838 1084 2890 deeras
1101 2835 1137 2902 of
1184 2835 1268 2902 αι1ι“),
1299 2839 1332 2889 ut
1363 2833 1501 2904 sequeutia

325 2903 409 2957 rerba
436 2902 584 2971 simplicem
616 2904 772 2958 contineant
797 2903 918 2957 eiusdem
935 2903 1051 2957 notionis
1069 2903 1256 2972 repetitionem
1299 2904 1374 2973 quod
1393 2904 1501 2973 probare

326 2987 379 3025 non
407 2986 524 3037 possum.
560 2970 685 3024 Ceterum
703 2971 735 3026 cl.
755 2971 884 3024 Macrobii
903 2971 935 3028 V,
957 2975 995 3024 13.
1015 2974 1047 3025 39
1066 2987 1107 3040 aq.
1126 2988 1153 3040 p.
1172 2975 1229 3024 435.
1248 2943 1308 3025 lau.
1327 2970 1362 3025 de
1383 2972 1411 3024 ιι.
1428 2971 1448 3024 1.
1464 2971 1501 3022 iu-

326 3038 486 3093 dicium-
505 3036 568 3099 728.
600 3038 744 3092 Emicat.
779 3038 842 3091 vid.
860 3038 896 3092 ud
916 3038 946 3101 V,
966 3042 1024 3091 313.
1044 3038 1158 3102 -Ιιίσ,
1186 3040 1272 3101 ‚‚da‚“
1292 3037 1358 3092 dum
1378 3039 1419 3093 ita
1434 3039 1500 3091 iuter

326 3123 354 3161 so
371 3104 546 3160 contendunt
581 3106 677 3174 Wagu.
696 3107 769 3161 recte
785 3106 909 3171 adnotat,
932 3105 1084 3174 interrupto
1107 3122 1155 3175 per
1173 3122 1219 3159 vss
1242 3109 1388 3160 itu-727.
1410 3120 1499 3160 narra·

327 3173 409 3227 tionis
440 3173 532 3228 ordine
560 3173 642 3228 rediri
689 3191 718 3228 er
736 3174 786 3228 hoc
805 3173 871 3226 Adv.
891 3172 926 3227 ad
944 3189 967 3226 v.
987 3177 1044 3227 131.
1080 3172 1179 3228 Ameis.
1198 3172 1283 3227 Hono.
1301 3174 1396 3227 Klein.
1416 3191 1442 3242 p.
1461 3176 1496 3226 11.

324 3241 369 3295 bic
386 3241 474 3295 minue
486 3241 660 3310 probabiliter
670 3191 756 3296 labet
768 3241 883 3295 Advcrb.
900 3240 978 3303 loci,
998 3241 1026 3295 in
1039 3240 1194 3296 certaminis
1207 3257 1311 3310 campo.
1327 3271 1358 3280 -
1373 3242 1500 3311 impune

323 3315 466 3379 puteas,
497 3309 555 3363 scil.
586 3326 614 3363 se
643 3308 693 3364 boo
712 3311 857 3370 facturum,
886 3307 991 3363 Aeneae
1009 3310 1092 3363 ictum
1110 3309 1259 3364 illaturum.
1279 3340 1312 3349 -
1331 3307 1401 3369 723.
1429 3326 1498 3363 cor·

323 3384 506 3496 ratast?
535 3377 651 3497 titi
664 3381 721 3499 ll·
737 3375 1502 3498 717311273ιίῗῖιῖοιιῗιξιιιιθιιὲοιὲἴιίῗ

325 3513 385 3563 436.
400 3514 431 3588 Ι(ιι
449 3510 536 3590 Wold.
554 3511 700 3590 Ribbeckio
718 3511 788 3577 coll.)
818 3512 888 3565 hunc
922 3528 1028 3592 versum
1058 3512 1096 3565 sio
1114 3511 1253 3565 imitatur:
1287 3510 1354 3565 Ale
1370 3511 1501 3587 ublatrm

326 3576 1126 3724 traam.fr.u:r.;.ruu;.foo.u
1139 3581 1502 3724 restituimus

326 3709 463 3778 dactylum
497 3728 525 3765 m
543 3713 675 3781 principio
693 3729 785 3767 versus
804 3714 931 3780 positum,
962 3717 1022 3768 tum
1039 3731 1088 3783 per
1111 3714 1253 3767 interiecta
1270 3712 1321 3766 rlla
1339 3714 1501 3767 Εισιαιιιωι

328 3779 417 3831 Troas
444 3780 505 3844 etc,
535 3781 643 3859 egregie
673 3779 804 3835 declarari
834 3796 994 3848 suspensum
1013 3783 1211 3851 exspectatione
1229 3784 1360 3849 metuque
1377 3781 1500 3836 animum.

329 3878 362 3886 -
381 3843 441 3905 731.
471 3846 571 3927 ...Facit
600 3865 696 3902 novam
727 3848 896 3916 voluptatem
928 3866 1078 3919 novamque
1106 3848 1344 3917 exspectationem.
1395 3848 1448 3903 uod
1472 3861 1502 3901 ue

329 3931 401 3969 nuuc
450 3914 539 3969 uidem
558 3916 641 3970 Turni
673 3916 731 3971 lata
748 3917 849 3969 exitum
868 3916 977 3980 babent,
1009 3917 1057 3970 sed
1074 3916 1109 3971 ad
1126 3933 1222 3970 novam
1260 3933 1276 3970 u
1317 3932 1363 3970 am
1401 3917 1503 3970 'eruu-

327 3986 400 4037 tur.“
463 3999 510 4037 aec
527 3983 628 4054 Herpa„
660 3984 707 4054 qui
736 3984 819 4037 etiam
848 3984 963 4063 conferri
993 3984 1068 4063 iubet
1091 3985 1170 4039 Hom.
1188 3984 1219 4040 ll.
1241 3932 1316 4047 lli,n
1314 3988 1375 4038 363.
1394 4014 1429 4025 -
1445 3978 1503 4061 lit.

346 4051 378 4105 ln
407 4052 487 4106 verbo
516 4053 649 4106 deserit
678 4052 748 4106 latet
778 4051 946 4121 prodendi
976 4053 1056 4106 notro.
1092 4053 1189 4121 Itaque
1207 4052 1274 4106 baec
1289 4054 1332 4105 rte
1349 4052 1503 4127 explicatu}

327 4092 451 4173 lerfidus
480 4119 552 4173 ensis
581 4120 689 4180 (leserit,
720 4137 751 4174 ao
780 4119 893 4187 proinde
916 4118 1081 4186 prodidisset
1101 4119 1264 4183 adversario,
1281 4119 1310 4172 ui
1328 4124 1393 4175 cett
1429 4120 1468 4173 Aa
1483 4133 1503 4171 ιι

347 4202 376 4239 ιο
405 4187 507 4239 deamat
528 4190 608 4256 poeta
624 4188 675 4241 scri
697 4188 776 4241 sisset
791 4187 933 4266 prodidit,
965 4187 1055 4266 omnia
1072 4191 1162 4242 essent
1180 4186 1371 4256 planissima.“
1414 4187 1504 4253 wopa.

328 4204 416 4318 duero
432 4269 486 4306 non
504 4270 571 4323 opus
588 4258 639 4319 est,
658 4205 694 4308 ul
706 4271 767 4308 curn
786 4255 911 4322 plurimrs
929 4254 1078 4309 edrtorrbus
1097 4255 1180 4309 talem
1200 4256 1366 4309 sententiam
1386 4254 1504 4376 supplea-

328 4336 400 4373 mus:
417 4328 442 4373 ct
459 4321 500 4372 aio
517 4324 640 4375 desertas
653 4323 784 4392 pertimet
801 4324 919 4389 Tamtu,
939 4322 982 4375 vel
1002 4338 1063 4376 cum
1080 4322 1175 4378 Iahuio
1194 4327 1222 4377 et
1240 4322 1346 4376 Tbielio
1365 4323 1393 4376 iu
1432 4338 1465 4377 ne
1480 4336 1503 4373 ι.

329 4391 385 4442 132.
421 4386 526 4441 Punoto
556 4389 754 4458 distinguamus
772 4393 801 4443 et
820 4389 943 4459 pluribus
961 4390 1069 4457 punctis
1089 4391 1185 4459 positis
1203 4394 1268 4459 post
1285 4392 1382 4444 subeat
1399 4390 1443 4445 bic
1459 4388 1504 4444 ali·

329 4455 393 4525 quid
410 4454 591 4523 supplendum
609 4473 666 4511 esse
686 4457 845 4518 iudicemus,
879 4457 921 4511 vel
938 4473 998 4511 cnm
1017 4457 1161 4512 Ribbeclio
1181 4460 1243 4527 post
1261 4475 1286 4512 v.
1306 4461 1366 4513 73².
1385 4459 1504 4513 lacunam

329 4526 492 4579 statuamus.
527 4523 570 4576 cf.
601 4523 684 4578 etimu
713 4524 820 4579 adnott.
850 4524 885 4578 ad
903 4524 967 4580 Geo.
986 4525 1037 4589 Ill,
1059 4529 1117 4581 562.
1153 4526 1281 4579 Ueterum
1310 4527 1445 4595 repetitur
1466 4525 1504 4579 bio

327 4607 420 4644 sersus
448 4591 477 4643 in
505 4590 588 4645 Antb.
617 4592 679 4646 Lat.
709 4592 731 4659 1,
764 4596 820 4658 170,
853 4595 909 4646 131.
938 4593 1091 4660 dionysia-r
1119 4593 1148 4646 in
1180 4593 1313 4662 Liquitar
1344 4599 1457 4649 mutato.
1478 4622 1500 4631 -

328 4656 391 4718 733.
411 4660 530 4712 dcaeri
536 4667 546 4712 t
562 4687 574 4698 ·
592 4689 604 4700 -
621 4660 652 4712 N
657 4661 668 4712 ι’
684 4689 696 4700 ·
715 4690 725 4701 ·
744 4663 868 4714 subeat.
896 4659 1047 4729 Conington
1066 4661 1171 4715 confert
1190 4661 1281 4715 locum
1300 4662 1430 4718 similiter
1447 4677 1503 4716 oon·

327 4726 475 4782 formatum
503 4726 580 4788 ΠΗ,
599 4730 648 4781 520
670 4745 729 4797 sqq.
759 4730 882 4782 tenebant
899 4756 910 4767 ·
929 4756 941 4769 ·
958 4730 1100 4797 putabant,
1131 4729 1173 4780 Ni
1189 4730 1299 4808 riporum
1317 4760 1330 4772 ·
1348 4760 1361 4771 ·
1381 4730 1504 4802 Cytheren

328 4795 454 4847 musnet.
491 4794 528 4847 Et
545 4811 609 4849 sane
637 4795 799 4849 arabsidio
827 4797 945 4849 subeat
973 4794 1016 4848 bio
1045 4812 1093 4863 pro
1116 4796 1238 4851 subsidio
1255 4798 1388 4863 renmset.
1415 4797 1504 4854 amilio

328 4859 425 4915 fuisset
443 4862 572 4931 positum.
606 4862 667 4917 Vid.
688 4862 990 4927 adnott.adv1,294.
1027 4863 1094 4917 Cum
1112 4865 1239 4919 merrdie
1256 4868 1354 4923 mabira
1370 4872 1460 4923 autem
1475 4863 1504 4918 cl.

329 4929 435 4982 amato
463 4930 555 4984 subire
585 4930 622 4994 Π,
643 4934 700 4985 216.
726 4962 747 4968 -
770 4932 879 4998 Fapit
907 4930 1004 4985 ocior
1023 4931 1124 4987 Euro.
1161 4931 1222 4987 Vid.
1254 4933 1291 4988 ad
1308 4936 1387 5001 vm.
1405 4939 1459 4990 223.
1478 4959 1503 4972 -

330 4992 393 5057 734.
428 4996 581 5064 „capulum
610 4999 738 5054 mutilum
767 4999 862 5067 (κόλον
890 4997 961 5071 δόρυ
977 4998 1055 5054 Iliad.
1076 4997 1148 5063 XVI,
1169 5002 1239 5069 117.)
1269 5003 1420 5074 ignotum
1436 5001 1504 5061 dixit,
