3359 5725
339 588 397 648 110
690 577 726 643 P;
750 575 936 641 VERGILI
956 575 1155 642 MARONIS

338 745 482 826 Virbius,
505 746 665 829 insignem
688 765 784 830 quem
805 752 911 808 mater
929 742 1044 807 Aricia
1064 743 1154 806 misit

336 828 501 892 Eduotum
523 828 664 912 Egeriae
686 826 768 891 lucis
790 826 957 890 humentia
980 827 1103 890 circum

336 912 461 993 Litora,
484 912 617 998 pinguis
639 909 694 975 ubi
717 919 748 974 et
769 909 942 997 placabilis
966 931 1025 973 ara
1044 908 1186 973 Dianae.

339 1150 548 1160 ...-----

353 1313 386 1365 V.
425 1315 498 1366 ,146
517 1328 555 1379 sq.
601 1313 709 1363 saun.
758 1327 791 1360 e.
831 1352 836 1362 .
887 1313 935 1362 lira.
987 1324 1038 1378 .p.
1057 1312 1105 1362 214
1124 1326 1183 1379 sqq.
1225 1326 1254 1363 re
1277 1326 1315 1363 er·
1366 1313 1455 1363 amal
1492 1350 1497 1361 .

338 1314 352 1367 Ι
404 1330 421 1382 p
574 1309 601 1362 H
684 1326 703 1388 g
729 1308 783 1360 Ill
809 1310 832 1360 d
857 1308 885 1361 R
958 1307 984 1361 Il
1201 1309 1224 1363 Ρ
1255 1308 1276 1362 ll
1335 1309 1365 1362 R

339 1383 442 1500 hm
472 1381 500 1432 et
519 1377 657 1431 Schelllele
686 1392 713 1428 ru
731 1375 817 1444 Pauly
836 1375 1013 1443 Rcalaucycl.
1031 1376 1076 1429 VI.
1087 1393 1122 1498 ὅ.
1142 1381 1232 1498 :lbetf
1280 1420 1285 1431 .
1321 1377 1499 1499 lSltatnnggig:

339 1515 359 1569 I.
379 1516 455 1568 Face.
473 1515 508 1567 Π.
528 1513 561 1570 N.
584 1516 649 1577 181.)
676 1516 703 1565 et
733 1512 871 1580 aregiam
889 1511 984 1565 Graeci
1002 1451 1499 1593 Hippolffinhmarhephrr'qpemm
1545 1523 1546 1592 l

339 1582 447 1638 exhibet
463 1583 587 1635 Museum
605 1580 721 1633 Barbon.
741 1529 788 1632 {L
806 1581 861 1634 tab.
882 1583 905 1631 2.
940 1579 979 1632 Do
1010 1580 1183 1635 clrvov1rbrr
1212 1584 1288 1634 rnxta
1320 1581 1437 1634 Ancram
1459 1580 1499 1632 ud.
1545 1619 1546 1622 ,

340 1651 428 1703 Strab.
447 1651 479 1705 V.
498 1667 523 1718 p.
544 1654 600 1702 239.
631 1652 659 1700 et
677 1647 791 1702 Caeaub.
822 1647 855 1700 ad
885 1647 960 1700 Pers.
989 1647 1035 1710 Vl,
1061 1652 1101 1704 55.
1136 1648 1258 1701 Aricia
1287 1657 1396 1701 mater
1423 1648 1499 1701 eaden

340 1718 443 1771 ratione
474 1717 586 1778 dietum,
617 1732 670 1784 qua
686 1716 720 1775 X,
742 1718 795 1768 172.
819 1715 862 1765 Po
885 1714 981 1767 rrlam'a
997 1722 1091 1778 atam,
1121 1718 1153 1769 ut
1169 1716 1228 1785 ipsa
1246 1715 1343 1769 civitas
1362 1717 1457 1769 Artem
1471 1717 1501 1767 in-

340 1784 489 1853 telligenda
508 1786 553 1846 sit,
583 1784 615 1836 de
634 1799 685 1851 quo
705 1782 778 1834 Latii
794 1733 900 1862 oppido,
931 1797 1002 1834 nunc
1020 1782 1121 1836 Riccic
1138 1801 1160 1836 s.
1178 1784 1294 1836 Ariccr'a
1312 1800 1346 1851 ap
1368 1784 1453 1846 allato,
1470 1783 1500 1861 el.

340 1854 410 1907 liber
439 1867 514 1905 mens
544 1866 635 1921 geogr.
655 1849 705 1903 ΙΙΙ.
722 1865 748 1917 p.
767 1853 826 1902 714,
861 1851 905 1905 Src
934 1854 1024 1903 antem
1049 1863 1112 1912 (nou
1133 1851 1165 1905 de
1182 1851 1208 1904 N
1255 1850 1310 1920 pha
1329 1799 1422 1931 aliqua
1437 1851 1501 1904 burs

342 1921 465 1986 nominis,
476 1921 507 1972 ut
517 1918 603 1986 Heyn.
615 1921 644 1970 et
654 1917 804 1986 Conington
817 1920 928 1987 putant)
940 1917 1027 1970 locum
1039 1918 1196 1987 intelligunt
1224 1919 1312 1971 errius
1325 1929 1383 1988 (an
1393 1919 1501 1972 adnotat:

342 1988 457 2056 „Aricia
489 1985 584 2039 civitas
602 1986 678 2037 iuxta
694 1985 821 2050 Albaue)
840 1989 869 2037 et
887 1984 970 2038 Silius
988 1985 1035 2050 IV,
1053 1990 1120 2049 367,
1148 1987 1187 2039 sic
1204 2002 1263 2039 eum
1282 1986 1422 2040 imitatus:
1448 2003 1502 2056 (μοι

342 2058 455 2108 miserat
472 2055 538 2106 altra
555 2054 676 2132 Egeriae
687 2055 800 2131 'garritus
817 2054 929 2132 r‘mmllr's
946 2054 1061 2106 Ariciae
1078 2054 1155 2132 lucre
1173 2082 1206 2092 -
1220 2057 1340 2123 proles
1359 2057 1501 2124 pulcher·

340 2125 431 2176 rima
447 2122 540 2174 lello
558 2123 606 2173 aut
624 2121 760 2189 significat
779 2119 954 2173 fortissimam
973 2121 1045 2173 bello
1064 2122 1127 2186 (vid.
1147 2138 1230 2190 supra
1247 2121 1280 2174 ad
1300 2138 1324 2177 r,
1342 2126 1422 2191 656),
1463 2136 1502 2173 aaa

344 2190 432 2244 locum
452 2188 622 2255 intelligendi
640 2188 710 2240 ratio
730 2189 808 2254 poeta
825 2188 985 2255 dignissima
1002 2187 1118 2248 videtur,
1137 2193 1185 2242 aut
1203 2190 1281 2249 lello,
1305 2206 1355 2256 pro
1374 2192 1404 2242 iu
1421 2138 1502 2241 &hun

344 2257 473 2379 lethe*
501 2255 1500 2393 tltl²1t⁰tltg⁰l¹t¹utllllll⁰lt⁰dall5ll⁰ll

343 2409 422 2463 quem
442 2392 573 2445 rationem
590 2390 644 2444 iam
665 2389 805 2443 collocatio
823 2392 964 2443 verborum
986 2407 1028 2444 res
1047 2379 1101 2454 uit;
1130 2392 1213 2445 immo
1243 2392 1377 2459 ineifflwm
1396 2391 1502 2446 absolute
1547 2421 1548 2427 =

343 2464 384 2515 est
432 2461 540 2521 asilum,
571 2462 598 2512 et
629 2459 669 2511 vel
699 2459 733 2511 ad
764 2458 851 2526 ipsam
882 2406 1110 2525 pulchritudinem
1133 2463 1175 2525 (nt
1192 2459 1316 2529 equidem
1334 2464 1447 2525 ceramo),
1471 2457 1501 2510 rel

344 2479 429 2597 (quod
444 2528 537 2596 Wagn.
556 2528 648 2594 putat)
667 2527 699 2579 ud
720 2542 855 2580 armorum
875 2526 989 2594 speciem
1010 2525 1186 2580 referendum.
1218 2527 1260 2580 (ll.
1280 2527 1344 2582 Hor.
1364 2528 1501 2593 0d.1,ss,

363 1447 425 1501 irbii
442 1446 536 1501 Gabiis
554 1446 665 1499 inventa
682 1460 752 1498 nunc
771 1447 927 1497 asservatur
945 1443 1069 1497 Lutetiae

346 2603 381 2649 13.
403 2601 431 2648 et
449 2595 501 2673 lll,
521 2600 561 2659 20,
581 2600 613 2673 5,
644 2594 690 2647 ubi
708 2593 822 2712 ¹,rariter
853 2594 968 2662 rssrrrr'qna
996 2594 1120 2648 absolute
1150 2594 1251 2647 dicitur
1268 2611 1296 2648 re
1315 2611 1369 2648 nau
1388 2595 1501 2651 iudicata.
1545 2616 1546 2619 ¹

343 2679 399 2782 hm
428 2678 487 2729 quis
518 2677 676 2728 conspicuus
693 2678 715 2712 sr

748 2665 775 2714 et
791 2661 914 2714 excellat.
934 2693 963 2701 —
986 2661 1049 2722 tea.
1081 2665 1243 2724 abactam,
1273 2663 1290 2715 i.
1310 2680 1335 2732 q.
1367 2664 1502 2716 educatum.

369 2731 404 2782 id.
424 2730 528 2782 adnott.
547 2728 581 2781 ad
601 2728 647 2791 Vl,
667 2731 725 2780 765.
744 2757 777 2764 -—
795 2730 849 2795 „E
879 2729 972 2781 erice
1002 2731 1070 2794 fone
1098 2733 1126 2783 et
1156 2732 1241 2793 luce,
1271 2730 1298 2782 in
1317 2747 1371 2799 quo
1390 2731 1503 2785 eduens

330 2796 398 2850 *fuit
416 2796 533 2856 Virbius,
563 2795 597 2848 ad
615 2795 731 2848 Ariciam
750 2797 806 2856 est;
836 2747 906 2849 alqins
930 2796 1011 2863 vulgo
1029 2800 1155 2851 narratur
1172 2813 1255 2867 prope
1272 2797 1387 2851 &mam
1408 2798 1439 2852 ad
1456 2812 1503 2867 por·

345 2871 401 2918 tam
422 2866 565 2933 Capenam,
585 2863 632 2914 ubi
650 2863 762 2930 Egeriae
781 2863 886 2930 domus,
906 2867 1015 2918 autrum
1033 2867 1084 2918 snb
1102 2866 1242 2928 Aventino,
1262 2866 1290 2918 in
1308 2883 1360 2936 qua
1379 2879 1504 2935 congressa

346 2951 377 2987 ea
407 2949 465 2986 esse
494 2931 631 2985 ferebatur
659 2947 719 2982 euru
739 2930 855 2983 Numu“
892 2932 979 3012 Heca.
1015 2934 1068 2987 Alii
1091 2933 1190 2987 raetiae
1210 2950 1291 2986 unum
1310 2934 1391 2987 modo
1410 2934 1504 3002 Egeriae

346 3002 438 3054 lucum
456 3005 484 3053 ct
502 3001 602 3052 sontem
622 2999 693 3051 hand
711 2999 803 3067 procul
821 2998 856 3052 ab
874 2999 964 3053 Aricia
981 3002 1009 3052 et
1027 3001 1104 3055 iuxta
1122 3001 1211 3055 laeum
1228 3001 1369 3055 Aricinum
1386 3005 1504 3056 metuunt

345 3072 385 3122 (ll
417 3068 485 3122 liber
515 3084 590 3121 meus
618 3083 708 3135 geogr.
739 3066 844 3119 1.1.-
868 3067 1036 3120 humentia
1066 3069 1176 3121 litora
1207 3069 1281 3123 lacus
1310 3070 1386 3122 illins
1413 3066 1504 3122 Aricini

348 3139 420 3190 Haec
451 3140 542 3190 autem
574 3138 615 3189 est
643 3135 806 3204 optimorum
828 3134 913 3188 Codd.
931 3136 1023 3203 (Med,
1052 3136 1136 3198 Rom,
1166 3136 1290 3202 aliorum)
1321 3138 1454 3206 scriptura
1478 3134 1504 3187 ab
1551 3188 1553 3207 ,

350 3207 435 3273 Heyn.
455 3206 588 3265 revocata,
619 3219 649 3256 cx
673 3219 734 3271 qua.
765 3205 792 3255 in
812 3204 910 3256 ceteris
927 3202 1005 3256 libris
1024 3204 1117 3270 (etiam
1135 3204 1194 3257 Pal.
1213 3207 1242 3258 et
1259 3204 1343 3269 Gud.)
1361 3222 1378 3258 a
1395 3203 1504 3262 librariis.

346 3273 392 3341 qui
422 3273 538 3325 fortasse
567 3286 698 3323 mensores
721 3273 799 3324 erant
816 3271 868 3323 loci
886 3271 934 3337 IX,
953 3274 1020 3337 584,
1050 3271 1123 3325 varie
1152 3275 1288 3341 comptu,
1318 3272 1419 3340 prodiit
1445 3268 1504 3336 vulg.

347 3340 428 3392 lectio
448 3339 598 3405 Hymettia,
627 3338 661 3390 ab
681 3338 774 3390 Heius.
793 3342 820 3391 et
838 3339 930 3391 Burm.
949 3341 1064 3392 serrata.
1082 3369 1116 3378 -
1133 3339 1235 3394 Peerlk
1255 3356 1302 3408 pro
1323 3342 1444 3393 circum
1461 3339 1505 3392 siue

347 3422 430 3459 eausa
447 3406 513 3458 coni.
535 3407 611 3457 circa
630 3406 658 3472 (i.
673 3420 695 3457 e.
713 3406 785 3458 circa
801 3405 875 3457 lucos
894 3405 1006 3473 Egeriae
1028 3409 1092 3459 sunt
1108 3406 1184 3460 lacus
1203 3407 1326 3466 Triviae).
1345 3406 1504 3462 immolabo.

347 3490 408 3526 vere
427 3473 548 3534 adnotat,
561 3472 765 3538 grammaticam
780 3473 920 3524 verborum
935 3474 1066 3527 rationem
1079 3473 1211 3527 illustrari
1221 3474 1280 3528 loco
1290 3475 1404 3529 Liuiano
1414 3475 1434 3538 l,
1448 3476 1505 3534 ltl.

345 3548 453 3611 perlem
476 3541 592 3593 trrilitnm
609 3540 680 3591 locis
698 3540 773 3591 circa
792 3542 877 3591 dalea
895 3540 982 3592 obsita
999 3542 1120 3608 eirardta
1139 3542 1262 3595 obtereris
1278 3545 1420 3596 adsidere
1436 3544 1461 3595 is
1475 3541 1506 3592 r'u·

348 3608 430 3660 aidica
460 3608 546 3670 trusit,
577 3607 594 3658 i.
611 3622 631 3658 e.
651 3605 725 3669 locis,
756 3623 824 3674 qnae
853 3607 925 3659 eirca
943 3608 1027 3661 densa
1044 3609 1133 3661 obsita
1149 3610 1269 3676 virgulta
1286 3614 1365 3664 ararit
1383 3615 1412 3664 et
1427 3610 1506 3663 iisdem

349 3674 476 3742 virgultis
496 3677 610 3728 obseura
630 3673 738 3725 fiebant.
758 3706 785 3713 —
809 3672 874 3734 764.
902 3676 982 3741 ,rabi
1008 3694 1072 3729 ara
1099 3678 1243 3746 pinguis
1272 3686 1303 3729 et
1329 3676 1507 3749 placabilis

347 3744 487 3794 Dianae
504 3745 557 3794 est:
590 3739 680 3794 ieiuna
698 3742 772 3802 haee,
791 3757 838 3795 nee
856 3715 976 3809 epitheta
993 3744 1061 3797 bene
1080 3745 1252 3799 conveniunt:
1282 3764 1336 3798 ara
1365 3748 1388 3799 si
1436 3742 1508 3824 leani

347 3811 414 3862 bene
433 3810 505 3862 dieta
523 3812 564 3862 est
583 3810 692 3878 propter
710 3808 843 3871 victimas,
867 3825 920 3861 unu
938 3810 1030 3865 eadem
1051 3813 1117 3865 bene
1136 3815 1178 3865 est
1192 3813 1353 3882 placabilia,
1372 3832 1385 3867 s
1437 3814 1508 3865 iham

348 3881 390 3929 est
415 3877 575 3947 placabilis.
609 3876 736 3930 Praestat
762 3893 826 3945 ergo
846 3877 976 3945 Copulam
995 3879 1117 3934 eiicere.⁴‘
1153 3881 1226 3933 Haec
1247 3880 1333 3949 lleyu.
1371 3883 1423 3935 Sed
1440 3878 1508 3933 reris

348 3946 414 3998 sime
432 3946 543 4025 oerouit
561 3945 664 4012 Wagu,
695 3944 861 3998 Particulam
890 3946 939 3999 ubi
954 3962 1086 4015 nusquam
1112 3948 1266 4016 uVergilio
1286 3949 1406 4017 produci,
1438 3948 1509 4013 Diana

347 4030 410 4068 vero
430 4031 453 4065 ar
472 4013 531 4081 ipsu
549 4012 586 4064 sit
605 4012 754 4079 placabilis,
785 4013 853 4066 nihil
872 4013 1011 4081 impedire,
1030 4014 1173 4093 quominus
1190 4016 1272 4069 etiam
1293 4016 1350 4069 eius
1369 4034 1417 4070 ara
1436 4016 1509 4085 placa-

346 4082 408 4161 bilis
438 4081 550 4133 dicatur.
573 4080 741 4161 ,Placabz'lls
761 4084 853 4161 antem
872 4081 973 4159 llianae
991 4082 1136 4148 (lucinae)
1165 4099 1240 4137 aram
1264 4087 1407 4202 progterea
1434 4083 1503 4161 etiarn

344 4167 387 4267 ἒξ
398 4153 789 4294 'trettlulbhhtllt
806 4150 1195 4286 btltzlhtllltlth
1215 4152 1354 4272 thaha
1373 4155 1446 4273 llll
1460 4151 1508 4271 lt

347 4283 478 4335 saerrficra
495 4287 705 4337 consentaneum
726 4284 771 4348 sit,
801 4299 863 4336 enm
881 4299 972 4336 omnes
990 4300 1006 4337 a
1024 4283 1101 4338 litore
1119 4288 1175 4339 tam
1195 4287 1349 4348 inhumano,
1380 4288 1427 4340 ubi
1444 4286 1510 4339 adue

349 4366 399 4403 une
417 4351 530 4403 mactari
550 4351 673 4412 solerent,
704 4350 875 4405 abhorruisse
895 4367 971 4405 nemo
989 4352 1080 4405 mirari
1097 4354 1190 4421 possit.
1226 4353 1266 4407 cf.
1286 4354 1370 4407 etiam
1388 4354 1459 4407 iutra
1474 4349 1510 4410 lx,

348 4422 406 4471 585.
434 4418 547 4487 plotarcus
575 4420 623 4471 rabi
649 4427 674 4471 ct
688 4418 840 4486 placabiles
857 4437 910 4472 ara
927 4418 1241 4479 Panaetolium.
1262 4422 1321 4489 XV,
1340 4426 1398 4476 574.
1427 4421 1511 4493 placat

348 4487 474 4540 odoratis
503 4487 633 4538 herbosas
662 4486 769 4551 lauibra
796 4504 870 4540 aras.
906 4487 1069 4555 Coningtoni
1086 4502 1149 4541 vero
1169 4490 1203 4556 (si
1222 4493 1294 4543 reete
1311 4506 1374 4543 enm
1392 4487 1511 4556 intelliget

343 4552 958 4678 illilllllilnllillledililslr’l‘llllil
976 4555 1513 4679 stillet,tlttlllltffllll

347 4690 458 4745 haerens
477 4692 504 4741 et
522 4686 680 4766 placabilem
699 4686 775 4740 deam
794 4706 853 4742 esse
873 4660 949 4756 poseh
967 4692 1024 4742 tam
1042 4639 1159 4744 victimis
1177 4692 1309 4755 humanis,
1329 4709 1411 4761 quam
1431 4642 1513 4745 ihrrno

347 4757 412 4810 latis
424 4754 586 4812 animalibus
598 4754 795 4819 demonstrans,
808 4757 964 4809 achilaeus
980 4758 1029 4810 ubi
1044 4766 1070 4811 ct
1082 4759 1158 4829 plac.
1177 4778 1229 4812 ara
1242 4761 1278 4814 I).
1289 4779 1296 4793 ·
1308 4760 1415 4814 (linter.
1434 4765 1512 4813 suun

347 4824 375 4876 lu
391 4824 453 4877 Ital.
474 4827 529 4877 ant.
547 4839 573 4941 Η.
591 4826 650 4901 llll.
679 4820 879 4901 hauoprolert
907 4825 1101 4880 coniecturam:
1126 4828 1179 4897 piu
1223 4828 1228 4841 '
1263 4800 1312 4879 uhi
1327 4828 1366 4881 im
1387 4825 1513 4884 amede,

368 4906 497 4943 rovocans
530 4908 546 4943 a
582 4889 685 4953 Silium,
719 4906 766 4969 qur
786 4891 900 4945 Dianam
920 4892 1048 4946 imnritcm
1065 4894 1162 4947 dixerit
1195 4895 1226 4958 V,
1246 4898 1305 4949 369.
1324 4898 1352 4949 et
1408 4894 1445 4957 ΙΙ,
1465 4896 1514 4945 etl.

349 4907 425 5022 huod
444 4959 467 5009 si
485 4957 619 5024 Vergilius
639 4957 799 5026 scripsrsset,
818 4959 865 5027 qni
884 4959 994 5013 tandem
1012 4961 1038 5014 in
1058 4962 1180 5017 amnibus
1198 4961 1281 5015 Codd.
1300 4962 1402 5015 mnmri
1420 4962 1515 5031 potuis·
