3359 5725
569 537 723 605 CULEX
743 560 776 602 v.
800 541 972 603 rto-131.
1279 540 1341 603 637

165 707 269 772 Multa
291 716 346 772 tuo
368 707 474 772 laetae
495 705 667 770 fundentes
689 702 811 788 gaudia
832 700 932 782 voltu,
1294 714 1340 764 120

166 792 180 855 I
207 813 244 855 sa
264 789 326 855 loci
346 800 463 855 natura
487 788 619 853 domum
639 794 812 852 resonante
835 805 969 849 susurro

168 813 249 953 dbis
272 873 373 938 dabat
395 882 426 938 et
448 872 536 937 dulci
557 873 662 935 fessas
684 868 856 934 refovebat
876 869 911 931 in
932 866 1058 931 umbra.

139 959 142 961 ’
167 957 252 1020 Nam
275 959 417 1042 primum
440 978 545 1043 prona
567 952 746 1039 surgebant
767 951 853 1017 valle
875 959 1025 1037 patentes

167 1039 289 1104 Aeriae
311 1040 446 1127 platani,
470 1040 555 1103 inter
577 1060 658 1122 quas
680 1037 784 1123 impia
804 1034 899 1116 lotos,

167 1121 284 1208 Impia,
306 1145 390 1211 quae
412 1125 517 1188 socios
538 1120 643 1186 Ithaci
665 1119 840 1184 maerentis
864 1117 984 1202 abegit,

168 1205 312 1293 Hospita
335 1207 413 1270 dum
434 1207 535 1270 nimia
557 1205 661 1269 tenuit
683 1202 856 1267 dulcedine
876 1210 1000 1287 captos.

168 1288 214 1353 At
232 1289 351 1375 quibus
370 1290 491 1374 insigni
514 1310 612 1352 curru
633 1287 799 1373 proiectus
820 1307 978 1372 equorum

169 1371 351 1438 Ambustus
372 1372 519 1437 Phaeton
539 1371 629 1436 luctu
647 1379 832 1435 mutaverat
855 1378 954 1448 artus,

169 1454 327 1521 Heliades
349 1457 470 1520 teneris
491 1453 643 1541 inplexae
664 1451 821 1518 bracchia
841 1454 967 1517 truncis
1099 1450 1147 1524 ‘t—

171 1538 322 1604 Oandida
343 1538 523 1604 fundebant
544 1538 642 1603 tentis
663 1536 826 1601 velamina
845 1535 955 1600 ramis.

169 1620 348 1705 Posterius,
370 1624 422 1687 cui
441 1621 658 1708 Demophoon
680 1629 814 1685 aeterua
831 1617 963 1706 reliquit

171 1777 265 1785 w-„.
270 1779 354 1783 ..ὴ--..η
359 1779 377 1783 „-

170 1854 313 1909 lectionem
331 1853 397 1910 adeo
414 1855 442 1910 in
460 1856 526 1910 (lod.
545 1853 675 1909 Vossiano
705 1870 734 1908 se
751 1853 885 1908 iuvenisse
911 1854 1040 1919 testatur)
1065 1855 1093 1908 et
1110 1853 1213 1923 Heynio
1233 1855 1345 1911 suaden-

172 1923 247 1976 tibus
265 1923 351 1991 Sillig.
370 1924 500 1977 restitnit.
536 1924 655 1985 Peneum,
686 1923 761 1976 euius
778 1920 895 1975 nominis
912 1921 1058 1975 Vocativus
1075 1938 1129 1976 uon
1165 1924 1236 1978 otuit
1253 1925 1346 1979 Percu

171 1990 293 2058 formari,
311 1993 417 2045 omniuo
435 1991 487 2046 huc
505 2008 559 2045 uon
577 1989 706 2060 quadrat3
733 1989 834 2059 perrea
851 1990 943 2044 autem
961 1990 1068 2052 choreo,
1098 1989 1131 2045 de
1146 1939 1278 2060 l'auibus,
1297 1993 1345 2048 Sa·

171 2058 240 2126 tyris
257 2061 286 2112 et
303 2060 458 2128 Dryadibus
475 2062 557 2113 autea
575 2058 790 2112 commemoratis
809 2056 994 2138 iutelligeuda,
1014 2057 1081 2111 setis
1106 2061 1169 2126 apte
1187 2076 1346 2115 commemo-

172 2127 261 2188 ratur,
292 2128 323 2179 ut
354 2143 395 2196 ap.
416 2128 493 2182 bucr.
512 2128 553 2194 Π,
572 2130 630 2181 636.
667 2126 793 2180 bbretum
821 2142 923 2195 perure
951 2125 1067 2179 storea·
1096 2142 1258 2195 quamquam
1289 2129 1347 2184 isa

173 2193 458 2316 cpprpperatiquppshei
477 2211 550 2315 cuiq³
557 2194 775 2315 ohoreqopernlipp
792 2197 837 2315 echte
850 2192 933 2247 Hebri
951 2209 1013 2246 eum
1030 2166 1119 2314 Diaqa
1139 2195 1241 2317 uerpipp
1257 2212 1290 2265 po
1321 2200 1348 2251 st

220 2279 286 2314 c.
356 2279 424 2317 ae.
474 2280 503 2316 ro
547 2279 614 2316 osea
675 2279 709 2317 ιιι.
774 2281 790 2315 0
839 2302 845 2313 .
876 2292 906 2299 -
937 2279 1148 2314 remoremur
1193 2280 1212 2317 ιι
1240 2280 1347 2319 mcum

171 2277 259 2392 ltibb,
277 2329 378 2398 Haupt.
397 2333 424 2385 et
442 2279 568 2385 {ernisto
585 2331 733 2397 recepimus
762 2346 809 2398 pro
827 2328 898 2397 vulg.
927 2337 1116 2383 remorantem.
1146 2360 1179 2369 —
1210 2328 1269 2390 120.
1291 2340 1347 2387 tuo

173 2398 287 2450 laetae
305 2397 390 2467 Sillig.
409 2415 440 2451 ex
458 2399 523 2452 coni.
543 2397 628 2452 edidit
654 2414 701 2466 pro
720 2397 792 2465 vulg.
810 2397 862 2450 tibi
877 2397 965 2463 laeto,
984 2412 1045 2449 cum
1063 2413 1132 2451 unus
1150 2398 1213 2451 (lod.
1231 2399 1347 2456 Helmst.

175 2463 277 2517 diserte
296 2465 420 2519 exhibeat
437 2473 493 2530 tao,
511 2469 567 2519 tres
585 2465 632 2519 alii
651 2472 721 2528 tuae,
739 2467 767 2518 et
786 2465 857 2518 laete
878 2462 922 2517 vel
943 2465 1011 2528 lote3
1037 2479 1095 2518 eam
1117 2480 1149 2517 ue
1167 2465 1347 2521 coniecturam

174 2531 336 2586 recentiores
363 2533 443 2586 editt.
469 2533 528 2587 iure
545 2535 695 2587 servarunt.
730 2533 789 2585 Iam
808 2547 902 2584 seusus
931 2529 974 2584 hic
998 2533 1052 2584 est:
1109 2532 1182 2586 eides
1200 2536 1209 2599 (
1229 2550 1280 2589 uae
1299 2551 1349 2606 per

173 2599 298 2653 choream
316 2601 450 2669 imprimis
480 2601 680 2670 significantur,
709 2598 779 2668 quod
803 2598 881 2652 docet
911 2598 994 2651 etiarn
1016 2615 1041 2651 v.
1060 2603 1131 2663 121,
1161 2602 1194 2654 ut
1239 2618 1303 2656 aues
1321 2605 1349 2657 et

173 2668 263 2736 Satyri
282 2669 369 2737 magis
400 2668 435 2722 ad
455 2669 541 2722 solum
560 2674 685 2722 ornatum
704 2666 876 2731 adiiciautur)
905 2673 930 2717 te
946 2673 1034 2719 tenera
1056 2667 1142 2721 maha
1158 2671 1266 2737 gaudiis
1278 2672 1349 2739 san·

174 2739 268 2788 etentes
285 2736 313 2814 qi.
332 2753 354 2790 e.
372 2737 542 2790 abundanter
559 2736 703 2803 testantes)
721 2736 810 2788 laetae
827 2742 875 2788 tao
893 2732 983 2802 cuttu,
1013 2734 1176 2802 gaudentes,
1194 2738 1265 2807 quod
1283 2739 1291 2792 i
1312 2739 1349 2792 sis

174 2806 202 2856 te
220 2803 356 2873 adsprcere
373 2804 445 2859 licet.
463 2835 491 2842 -
516 2801 578 2865 122.
595 2804 684 2858 Verba
701 2802 740 2856 sio
767 2800 966 2871 coniungenda:
996 2802 1057 2872 quis
1074 2802 1190 2871 (Naisin)
1213 2807 1275 2877 ipsa
1293 2756 1352 2863 loci

173 2879 286 2939 motura,
303 2891 417 2928 summo
436 2882 587 2937 resonante,
604 2875 715 2926 ἀοιιιιιιιι
731 2873 811 2925 dedit
827 2870 872 2937 (cf.
890 2887 916 2924 v.
930 2875 977 2924 123
995 2874 1065 2940 sqq.)
1082 2880 1107 2925 et
1122 2875 1212 2936 scasas
1228 2876 1257 2926 ιἰι
1274 2877 1352 2930 dulci

174 2943 272 2993 umbra
299 2943 453 3009 refovebat.
489 2942 559 2994 Hinc
588 2942 711 3010 apparet,
741 2955 952 3007 supervacaneas
981 2955 1039 2993 esse
1060 2940 1152 2994 Bothii
1175 2942 1349 3002 ,coniecturas

175 3010 360 3076 niodunztpro
379 3011 659 3075 donzron)etfeeaos.
678 3005 860 3077 -1‘23sqq
896 3007 964 3060 Cum
989 3006 1181 3063 bacathorum
1212 3025 1350 3065 enumera·

174 3076 248 3129 tione
277 3077 390 3133 conferri
419 3080 511 3146 potest
531 3076 609 3132 Ovid.
629 3076 694 3130 Met.
713 3075 750 3136 X,
770 3079 802 3128 86
820 3091 880 3144 sqq.
901 3105 931 3115 -
952 3073 1005 3127 Pro
1024 3075 1097 3143 vulg.
1126 3076 1258 3146 platanus
1289 3095 1350 3132 cum

179 3144 289 3211 Haupt,
302 3144 379 3197 Ribb.
393 3152 422 3197 et
431 3145 557 3198 Benoisto
569 3143 717 3212 recepimus
729 3143 861 3197 bonorum
870 3141 954 3195 Codd.
963 3141 1107 3196 lectionem
1117 3143 1236 3214 plutoni.
1246 3178 1279 3185 -
1289 3143 1350 3206 124.

180 3211 286 3279 impio
310 3213 413 3274 lotoe,
432 3212 549 3281 Impia.
584 3213 624 3265 De
653 3211 751 3264 iterato
782 3209 902 3279 epitheto
924 3210 956 3262 cl.
975 3209 1038 3265 Hor.
1057 3209 1106 3265 Od.
1125 3212 1180 3280 III,
1203 3218 1241 3282 11,
1260 3218 1349 3272 30s.

178 3277 279 3331 Catuli.
309 3279 409 3344 LXIV,
429 3284 478 3332 104
497 3297 536 3348 sq.
567 3282 595 3333 et
624 3279 728 3332 aduott.
760 3278 795 3331 ad
825 3276 882 3331 nel.
906 3276 956 3340 VI,
977 3280 1016 3339 16,
1035 3280 1075 3332 20.
1111 3278 1176 3335 Aen.
1195 3281 1218 3349 l,
1238 3287 1295 3336 ³15.
1313 3232 1349 3337 al.

178 3345 310 3415 Impietas
327 3352 418 3400 autem
436 3366 449 3400 s
468 3352 541 3401 ectat
559 3347 593 3400 ad
611 3346 736 3400 iniuriam
754 3345 846 3414 Ulyssi
864 3344 978 3407 factam,
1009 3346 1086 3400 ouius
1103 3348 1177 3412 socii,
1194 3349 1243 3402 loti
1262 3349 1352 3404 dulce·

178 3413 240 3466 diue
259 3415 380 3482 cognita,
409 3415 437 3467 iu
479 3415 579 3484 otopha
600 3430 675 3468 orum
706 3417 779 3467 terra
796 3428 934 3467 remanere
954 3412 1105 3469 voluerunt.
1141 3415 1182 3471 cf.
1201 3416 1281 3472 Hom.
1303 3418 1352 3473 od.

178 3481 227 3543 IX,
246 3484 278 3534 82
298 3499 355 3551 sqq.
373 3483 463 3536 -De
482 3483 568 3536 forma
580 3432 658 3535 lotoe
674 3481 727 3535 vid.
747 3482 780 3535 ad
798 3481 854 3560 Ecl,
873 3480 924 3548 III,
942 3484 984 3535 56.
1002 3480 1065 3537 Geo.
1084 3482 1121 3551 ΙΙ,
1140 3487 1180 3541 81.
1215 3486 1280 3540 beu.
1299 3486 1352 3549 III,

178 3553 219 3602 27.
240 3549 275 3601 al.
295 3579 327 3587 -—
346 3547 407 3611 125.
426 3552 552 3618 abegit,
572 3549 694 3605 avocavit
712 3550 746 3602 ab
764 3549 869 3617 Ulyssrs
887 3564 966 3611 naver
990 3547 1040 3602 loti
1058 3550 1179 3606 suavitas
1197 3553 1294 3620 effecit,
1321 3557 1353 3607 ut

178 3616 244 3669 socii
262 3616 367 3685 Ulyssis
395 3617 430 3672 ad
459 3634 540 3672 naves
560 3635 613 3672 non
640 3617 767 3672 redirent.
802 3616 845 3670 ct.
862 3616 942 3671 Hom.
961 3616 981 3671 l.
999 3616 1017 3671 l.
1037 3633 1061 3673 v.
1082 3623 1115 3673 94
1134 3636 1147 3672 s
1167 3637 1192 3689 q.
1228 3622 1353 3676 Ceterum

178 3684 264 3751 Heyu.
284 3701 344 3764 vere
363 3689 502 3764 memorat,
523 3686 675 3740 confudisse
693 3687 801 3765 poetam
818 3685 888 3738 lotos
906 3684 1005 3738 diversi
1021 3636 1299 3805 {enemalotumque
1318 3691 1353 3743 ab

178 3752 320 3820 Ulyssem
342 3754 431 3807 bfnca
449 3757 582 3823 repertam
630 3754 692 3808 lane
709 3754 791 3807 eham
816 3768 887 3813 esse,
923 3768 1003 3821 quam
1048 3755 1150 3808 oeotiae
1170 3755 1353 3811 domesticam.

178 3820 220 3872 (ll.
238 3820 322 3873 etiam
352 3821 455 3874 adnoit.
485 3823 520 3875 ad
536 3823 600 3876 (leo.
650 3825 719 3884 ,aa
738 3825 765 3873 et
782 3820 834 3881 ΙΙΙ,
855 3823 913 3873 394.
935 3849 969 3857 -
997 3816 1049 3879 127
1068 3838 1125 3891 sqq.
1160 3822 1353 3890 significantur

177 3887 408 3941 Phaethontiades
438 3906 459 3941 s.
478 3889 605 3943 Heliades
633 3889 662 3941 iu
680 3888 791 4013 populos
808 3886 853 3941 vel
870 3887 945 3940 alnos
967 3890 1103 3956 mutatae,
1134 3887 1282 3959 dequibus
1300 3890 1353 3944 vid.

178 3955 284 4008 adnott.
303 3957 338 4008 ad
355 3956 411 4009 Ecl.
430 3956 476 4016 VI,
496 3961 537 4009 62.
567 3986 599 3994 —-
630 3956 662 4008 V.
697 3952 736 4016 29
754 3971 793 4023 sq.
831 3957 893 4007 oeta
911 3954 1013 4022 Heyuio
1042 3954 1092 4007 boo
1122 3956 1209 4011 dicere
1234 3958 1353 4013 videtur:

181 4023 312 4092 „populos
331 4023 393 4076 illas
423 4023 537 4076 sororias
555 4022 596 4076 ita
615 4022 686 4076 iuter
704 4039 732 4076 se
750 4038 798 4075 oon
819 4024 927 4074 eusatas
945 4021 1000 4073 situ
1018 4021 1115 4088 luisse,
1134 4025 1166 4076 ut
1183 4024 1219 4077 im
1231 4025 1355 4079 >licerent

179 4094 274 4144 mutuo
294 4107 362 4144 nexu
383 4107 472 4144 ramos
490 4093 517 4143 et
536 4090 692 4144 umbracula
709 4089 832 4143 fierent.“
852 4118 883 4126 -
902 4087 1065 4157 {replexae
1083 4092 1175 4144 autem
1193 4042 1235 4146 esl

180 4159 226 4224 (ad
244 4158 373 4213 Gronovii
390 4158 477 4213 Diatr.
496 4159 567 4213 Stat.
586 4158 615 4212 Τ.
634 4158 654 4211 Ι.
675 4175 704 4226 p.
725 4162 779 4212 145.
797 4155 837 4211 ed.
858 4154 961 4221 Haud.)
991 4156 1153 4221 coniectura,
1172 4176 1189 4213 a
1206 4160 1309 4230 Silligio
1327 4165 1355 4215 ot

180 4227 373 4294 posterioribus
393 4226 469 4279 editt.
507 4243 536 4278 ro
554 4226 628 4293 vulg.
658 4225 785 4294 amplexa
808 4225 925 4292 recepta.
960 4223 1028 4288 Quia
1056 4225 1167 4280 brachia
1194 4227 1222 4280 iu
1253 4229 1354 4283 multos

181 4295 270 4347 divisa
287 4299 364 4347 erant
376 4310 473 4361 ramos,
489 4243 620 4348 lleliades
638 4292 764 4347 dicuntur
777 4292 882 4345 truncis
893 4291 1027 4361 implesse
1038 4308 1096 4346 esse
1108 4294 1238 4349 bacchia
1251 4298 1355 4365 (Aecus.

181 4362 331 4415 remotioris
349 4361 472 4426 Obieoti).
492 4393 521 4401 -
541 4362 694 4414 candido
710 4360 880 4415 velamine
900 4362 965 4412 sunt
982 4359 1048 4414 lolia
1066 4377 1100 4429 po
1120 4362 1159 4415 uli
1176 4364 1267 4429 albae,
1288 4380 1355 4433 quac

179 4434 283 4483 terram
303 4430 380 4498 quasi
397 4429 502 4493 velant,
532 4429 596 4482 dum
615 4429 736 4481 umbram
767 4428 915 4481 demittunt
934 4430 996 4495 (uon
1014 4427 1088 4497 ipsas
1135 4431 1237 4485 eliadas
1254 4432 1355 4495 velant,

180 4502 212 4551 nt
230 4498 325 4552 Barth.
345 4497 457 4550 Advers.
477 4497 550 4563 XXI,
569 4502 594 4550 9.
612 4500 640 4551 et
657 4495 772 4552 Gronov.
802 4495 892 4549 locum
915 4494 1096 4564 iutelliguutl;
1125 4514 1157 4553 ea
1177 4515 1209 4553 uc
1253 4501 1356 4552 ande·

181 4568 317 4629 bantur,
336 4565 353 4618 i.
373 4583 396 4619 e.
415 4566 586 4618 abundanter
612 4564 831 4685 procrescehant,
860 4562 1099 4642 progignebantur.
1135 4516 1175 4621 Ol.
1198 4582 1214 4619 a
1235 4570 1303 4620 nott.
1322 4566 1357 4620 ad

180 4633 237 4686 Ecl.
256 4633 304 4696 IV,
322 4637 363 4686 20.
382 4633 445 4687 Geo.
465 4631 487 4698 l,
510 4635 547 4687 13.
568 4634 596 4686 et
638 4649 678 4686 eu.
699 4631 773 4696 VIll,
789 4634 844 4685 139.
865 4661 895 4668 -
916 4636 1016 4684 tentes
1034 4633 1146 4687 ramis.
1182 4633 1357 4687 HaeoParti-

181 4701 245 4821 ltl
263 4700 393 4821 ‘llmll
413 4700 470 4820 a„
487 4700 729 4822 elilmdltlll·
747 4696 1108 4822 t’·t¹t.llv¹1¹⁹b³¹¹l¹·
1128 4701 1355 4823 qqoxqvq.

248 4808 315 4831 ι·
414 4783 553 4829 r·a·
645 4783 909 4832 v=v¹··
1045 4783 1355 4830 .el'.‚.e.

181 4836 223 4889 Fl.
237 4837 260 4898 I,
283 4840 337 4890 185.
374 4837 507 4889 Erterrtue
523 4809 659 4889 iuvenitur
675 4836 740 4889 Aen.
759 4834 820 4896 VII,
839 4837 895 4887 226.
931 4805 974 4887 eff
994 4833 1079 4887 Prisc.
1096 4834 1121 4888 X

182 4904 286 4957 Nonius
304 4922 330 4974 p.
351 4908 407 4964 181,
421 4908 462 4959 25.
481 4906 508 4957 et
525 4902 599 4957 Neue
617 4903 756 4957 For-ruent.
774 4902 812 4956 11.
830 4917 857 4971 p.
876 4905 932 4956 445.
951 4932 983 4941 -
1003 4900 1054 4962 131
1123 4876 1245 4959 l’roxime
1264 4905 1358 4959 stabat

183 4972 263 5027 arbor
281 4971 434 5040 amygdala,
452 4971 480 5025 iu
499 4987 578 5041 quam
591 4974 698 5026 mutata
717 4973 775 5028 erat
787 4969 901 5039 Phyllis,
921 4968 1049 5034 Sithonis,
1066 4918 1176 5026 s'llrracii
1193 4973 1370 5042 regiahba,

1251 4093 1354 4148 Heinsii

1149 4841 1177 4899 s,
1196 4841 1236 4891 aa.
1254 4854 1280 4906 p.
1300 4840 1357 4892 scr.

1293 5117 1318 5148 N,
