3359 5725
341 601 402 667 260
694 593 729 662 P.
750 593 937 664 VERGILI
959 592 1158 660 MARONIS

334 765 608 851 Armigerumque
630 763 724 830 Remi
745 764 865 850 premit
885 763 1097 909 aurigamque
1120 756 1179 823 sub
1201 757 1283 843 ipsis

335 848 460 912 Nactus
484 850 576 934 equis
599 847 750 995 ferrqque
772 855 863 910 secat
885 867 949 932 pen
973 844 1061 908 entia
1083 841 1183 914 colla3

336 931 422 996 Tum
444 940 543 1028 eaput
563 931 630 1017 ipsi
652 952 672 994 a
709 939 759 994 ert
780 927 912 995 domino
934 939 1148 1012 truncumque
1169 921 1323 1007 relinquit

338 1013 506 1098 Sanguine
527 1011 774 1099 singultantem
796 1020 867 1076 atro
889 1010 1051 1097 tepefacta
1072 1027 1187 1073 eruore

337 1095 443 1161 Terra
465 1096 595 1181 torique
615 1094 757 1160 madent.
797 1094 953 1159 Necnon
974 1092 1218 1177 Lamyrumque
1239 1086 1445 1171 Lamumque

335 1178 380 1244 Et
402 1180 553 1243 iuvenem
577 1177 763 1260 Serranum,
786 1175 843 1240 illa
864 1177 920 1264 qui
942 1174 1083 1263 plurima
1102 1180 1196 1238 nocte
1463 1179 1511 1230 333

335 1261 485 1343 Luserat,
507 1261 648 1347 insignis
669 1261 765 1341 facie,
787 1257 953 1345 multoque
974 1256 1105 1322 iacebat

338 1573 381 1645 42,
393 1581 417 1630 6.
437 1577 586 1644 Arqeaarm
603 1574 767 1643 quibudam
785 1573 856 1628 locri
872 1579 970 1626 umere
983 1586 1036 1641 per
1052 1569 1122 1637 viar,
1139 1569 1212 1624 celat
1229 1566 1361 1621 obiectam
1378 1567 1421 1619 ad
1432 1580 1512 1635 prae·

338 1647 412 1710 dam,
441 1644 552 1698 vicimo.
582 1642 672 1696 Senec.
692 1641 799 1710 Hippoi.
820 1645 878 1695 393.
902 1639 950 1694 sic
968 1639 1170 1692 terminatae
1187 1633 1512 1715 eollcperp‘rmdaatco·

338 1729 398 1765 mee
426 1715 477 1764 eto.
512 1709 566 1773 (Cf.
595 1710 677 1763 etiam
694 1708 801 1762 Servius
831 1707 867 1762 ad
883 1706 909 1762 h.
928 1707 947 1760 l.
976 1705 1009 1759 de
1038 1705 1113 1758 varia
1128 1703 1210 1758 huius
1226 1718 1299 1756 soors
1317 1699 1512 1770 significatione

338 1778 501 1847 disputans.)
519 1807 551 1815 -
570 1774 626 1837 330
645 1791 702 1854 sqq.
739 1775 877 1840 „Remum
897 1790 976 1843 quern
994 1788 1117 1840 expresse
1134 1788 1187 1825 non
1206 1770 1337 1832 nominat,
1356 1785 1418 1823 enm
1435 1767 1512 1847 trinis

340 1844 450 1899 famulis
484 1845 594 1912 eiusque
620 1858 783 1911 armigerum
815 1841 1000 1911 (θεράποντα)
1031 1842 1059 1918 et
1084 1839 1207 1910 aurigam
1224 1837 1357 1957 (taloque)
1376 1837 1511 1915 opprimit.

340 1913 467 1966 Praestat
496 1914 588 1965 tamen
619 1910 750 1979 corrigere
769 1909 892 1976 Remum,
923 1911 954 1961 nt
983 1907 1006 1961 is
1035 1922 1092 1986 lpse
1121 1906 1159 1961 sit
1175 1906 1297 1959 Rhamne
1311 1921 1334 1957 ra
1366 1903 1510 1972 armrgea‘*

344 1980 432 2048 Hepn.
470 1977 503 2030 In
521 1976 632 2031 eandem
650 1976 757 2030 inanem
777 1977 956 2030 coniecturam
975 1974 1070 2028 incidit
1087 1975 1170 2028 etiam
1188 1972 1342 2036 Schrader.;
1372 1971 1510 2025 sadanma

341 2050 432 2100 antem
455 2044 563 2097 Rura:
584 2043 654 2106 „Sed
673 2060 727 2097 non
745 2060 810 2110 opus
827 2046 878 2111 est,
898 2044 921 2096 si
939 2043 1052 2095 Remum
1070 2042 1208 2096 dominnm
1224 2055 1282 2094 esse
1301 2041 1416 2100 statuas,
1444 2036 1511 2107 qnod

341 2128 394 2191 quo
412 2110 611 2190 minusniacias,
629 2110 697 2163 nihil
713 2110 855 2178 3113333133·ι
872 2110 977 2165 Occidit
985 2109 1071 2177 igitur
1078 2109 1196 2179 primum
1206 2106 1282 2161 Remi
1291 2106 1360 2161 armi
1381 2120 1511 2185 ernmau·

342 2122 1513 2323 333333333333333333333333

660 2285 667 2310 2
692 2284 699 2297 0
729 2284 736 2298 ⁸
866 2287 871 2298 ι
980 2284 986 2296 ·
1410 2279 1417 2303 r

343 2310 1013 2460 ltettlltlttt‘cherstede„
1030 2309 1392 2457 ratutsstttltln
1409 2312 1513 2444 tlte

342 2462 421 2501 umus
438 2446 550 2500 Dorvrll.
581 2398 723 2500 lbctronem
753 2446 900 2501 defendens
928 2449 957 2499 et
987 2448 1099 2499 ἀοηιιηο
1128 2444 1163 2499 ad
1181 2444 1358 2499 Rhamnetem
1389 2442 1512 2506 referens,

342 2514 409 2568 haec
441 2512 596 2570 adnotaret:
627 2513 781 2582 „Rhamnes
812 2514 853 2567 ita
881 2529 897 2567 a
926 2513 1043 2575 famulis,
1075 2513 1207 2581 armigero
1230 2514 1258 2567 et
1275 2511 1379 2590 auriga,
1412 2511 1513 2564 cinctus

343 2581 427 2635 fuisse
444 2580 562 2644 videtur,
589 2583 620 2634 nt
638 2597 708 2648 enm,
737 2582 789 2633 nisi
806 2581 840 2633 iis
858 2580 982 2642 sublatis,
1001 2580 1150 2633 interficere
1168 2595 1220 2632 nou
1238 2581 1367 2646 potuent.
1402 2578 1462 2632 Nec
1478 2577 1512 2630 ri·

344 2648 402 2714 deo,
420 2646 485 2716 quid
504 2648 582 2700 iaetu
601 2647 772 2715 significaret,
791 2649 813 2701 si
831 2649 867 2702 ad
884 2648 1000 2701 Remum
1017 2647 1170 2702 referretur.
1200 2645 1349 2700 Dicendum
1367 2647 1441 2699 erat:
1459 2648 1513 2698 trun

343 2715 458 2769 Remum
475 2713 575 2782 premit
592 2717 620 2767 33
638 2716 693 2768 tres
712 2714 829 2768 famulos
847 2716 923 2769 iuxta
939 2715 1085 2770 iacentes.“
1104 2713 1190 2767 Immo
1208 2715 1285 2768 r'arta
1301 2711 1336 2766 ad
1356 2711 1514 2768 anteceden-

343 2781 385 2835 tia
401 2781 518 2850 spectat:
537 2781 612 2834 iuxta
629 2780 805 2835 Rhamnetem
825 2783 908 2836 etiam
926 2787 981 2835 tres
992 2782 1067 2835 Remi
1085 2780 1201 2835 famulos
1221 2785 1282 2848 eto,
1298 2782 1413 2849 tumque
1431 2781 1514 2848 ipsun

345 2847 483 2903 dominnm
502 2847 807 2969 (Remumqmobtrnncat.
834 2849 924 2904 Verba
943 2849 1013 2903 enim
1034 2851 1102 2902 Tum
1119 2857 1202 2919 capnt
1218 2849 1275 2929 spei
1290 2851 1387 2918 aufert
1406 2849 1514 2903 domino

343 2917 386 2971 rix
415 2917 530 2985 possunt
547 2916 582 2969 ad
599 2915 624 2967 R
660 2919 776 2971 mnetcm
799 2916 900 2984 referri,
929 2933 1008 2986 quern
1025 2916 1080 2970 iam
1098 2933 1181 2985 supra
1197 2918 1280 2971 Nrsus
1296 2934 1359 2969 errae
1376 2931 1516 2984 oppressas

344 2991 399 3052 eat,-
431 2983 485 3036 niai
513 2997 617 3037 numere
633 2984 708 3049 velia,
737 2984 834 3038 Nisum
852 2984 905 3038 iam
923 2984 1009 3038 occiso
1026 2983 1170 3038 Rhamneti
1186 2984 1362 3038 barbararum
1379 2984 1514 3037 nudorum

345 3066 418 3105 more
435 3051 544 3119 insuper
561 3052 642 3120 caput
659 3066 703 3104 am
723 3054 823 3107 utasse.
842 3082 876 3091 —
889 3053 1027 3122 premit,
1045 3052 1063 3105 i.
1083 3067 1106 3105 e.
1125 3052 1263 3121 opprimit,
1281 3050 1422 3105 interficit,
1458 3048 1514 3102 Vid.

346 3118 381 3173 ad
408 3117 445 3184 11,
474 3121 532 3172 530.
550 3116 664 3178 -331,
729 3128 839 3187 actua,
872 3140 886 3173 r
924 3120 971 3176 ω’ν.
1007 3118 1160 3188 Conington
1190 3121 1328 3187 comparat
1355 3117 1389 3174 ΙΙ
1408 3117 1444 3182 Χ,
1462 3120 1514 3172 494.

344 3183 501 3254 inspicare.
527 3216 557 3223 -·
578 3186 679 3252 serre
705 3194 798 3241 secat
829 3186 874 3253 (ci.
927 3186 978 3249 III,
1010 3188 1080 3254 438.)
1105 3188 1295 3256 pendentia
1324 3186 1433 3248 colla,
1463 3183 1513 3239 scil

344 3251 482 3321 crapulam
500 3251 714 3307 edormientinm.
750 3255 791 3309 cf.
809 3270 833 3309 v.
853 3257 910 3311 316.
933 3284 959 3292 -
981 3252 1045 3314 332.
1076 3254 1155 3308 Tum
1183 3260 1284 3324 eaput
1302 3253 1513 3324 ipaiaufert.

344 3319 385 3373 Cf.
403 3319 436 3383 X,
455 3322 514 3373 394.
536 3352 565 3359 -
583 3326 741 3375 truncum.
776 3321 944 3382 vinnon,
964 3325 1023 3375 557.
1042 3319 1155 3382 -333,
1184 3320 1515 3389 „cunpar'aear'apal-

344 3393 466 3439 tantem
495 3394 658 3450 truncum,
689 3389 736 3457 qui
759 3390 827 3443 collo
846 3390 930 3444 reciso
948 3389 1107 3458 sanguinem
1126 3388 1229 3444 emittit
1246 3388 1433 3453 ebullientem,
1454 3390 1514 3442 dra·

343 3452 631 3572 pteram-,arro
656 3462 717 3524 tep.
748 3474 869 3511 cruore
886 3458 919 3511 T.
948 3457 1082 3526 torique
1109 3459 1253 3510 madeat:
1281 3455 1429 3525 gravitatis
1460 3455 1514 3525 plna

365 3518 428 3572 abet
445 3517 616 3573 Homericum
635 3515 765 3576 δάπεδον
782 3523 808 3576 d'
828 3522 907 3578 ἅπαν
926 3528 1025 3595 αἵματι
1044 3527 1123 3585 θῦεν,
1149 3523 1278 3588 fervebat,
1310 3525 1465 3587 aestuabat,
1491 3522 1514 3575 in

345 3585 403 3640 loco
420 3586 558 3665 praeclaro
576 3586 608 3640 de
626 3588 825 3668 Agamemnone
843 3607 919 3646 caeso
936 3592 1007 3645 inter
1019 3591 1113 3661 epulas
1125 3591 1176 3645 Od.
1189 3591 1236 3658 xl,
1248 3595 1307 3646 419.
1323 3592 1404 3660 [433]
1419 3593 1448 3645 33
1464 3589 1513 3644 ιΙ.“

346 3653 435 3721 Heya.
470 3651 576 3731 Servius
594 3657 690 3717 nescit,
721 3660 813 3711 utrum
839 3666 903 3713 arro
931 3676 990 3713 curn
1012 3659 1146 3728 renquiae
1163 3675 1199 3712 an
1216 3675 1275 3713 cnm
1294 3676 1395 3713 cruere
1411 3659 1514 3712 coninu-

346 3719 464 3789 gendum
484 3721 535 3787 s1t3
568 3720 616 3775 sed
633 3724 705 3777 recte
722 3724 875 3794 Conington
892 3726 1030 3795 epitheton
1047 3726 1075 3780 in
1093 3726 1214 3780 clausula
1231 3727 1383 3781 sententiae
1400 3727 1513 3795 positum

346 3790 438 3867 censet
456 3802 514 3840 esee
544 3788 712 3869 languidum,
741 3794 769 3845 et
786 3792 836 3846 hoe
852 3794 942 3862 ipsum
960 3793 1057 3848 melius
1075 3794 1214 3873 convenire
1231 3793 1327 3857 cruori,
1378 3810 1442 3847 uam
1459 3808 1514 3846 san·

346 3853 541 4002 33333ῂῖ33
556 3855 961 4003 33333333333333
981 3861 1390 3984 ethenheim.
1408 3861 1513 3993 nell:

346 4019 378 4030 -
397 3998 478 4057 tora,
509 3990 596 4046 cubile
624 3991 768 4047 herbosum
798 3995 827 4048 in
855 3996 984 4063 gramine.
1020 3995 1082 4050 Vid.
1115 4012 1196 4065 supra
1222 3995 1257 4050 ad
1274 4013 1298 4050 v.
1318 3999 1379 4050 388.
1413 3994 1513 4051 Peerlh

345 4073 486 4127 perperam
516 4057 549 4112 de
566 4059 726 4115 Rhamnetis
754 4062 893 4116 tactibus
922 4066 1003 4131 atque
1027 4064 1110 4118 etiam
1128 4063 1290 4133 Conington.
1324 4065 1354 4118 ἐν
1372 4064 1421 4117 διὰ
1440 4065 1514 4116 δυοῖν

347 4142 364 4179 a
394 4141 437 4178 me
465 4129 605 4204 sumtum
633 4128 730 4184 durum
747 4129 774 4183 iu
794 4129 877 4194 icens,
908 4129 942 4184 de
957 4147 1020 4185 vero
1036 4134 1096 4184 toro
1114 4131 1224 4199 cogitat.
1259 4130 1301 4184 dd
1319 4130 1433 4185 Homeri
1450 4131 1514 4184 cere

345 4190 365 4243 Ι.
384 4190 412 4257 1.,
440 4191 488 4244 nbi
534 4210 549 4246 e
579 4195 659 4249 caede
688 4197 717 4250 in
744 4197 845 4266 palatio
874 4196 948 4252 edita
966 4215 1052 4253 sermo
1070 4202 1120 4263 est,
1150 4198 1194 4251 vix
1210 4199 1301 4267 potest
1340 4198 1469 4253 rovocari.
1485 4225 1514 4236 -

346 4255 410 4318 334.
440 4257 604 4325 Necnon,
636 4263 694 4316 scil.
760 4264 824 4317 emit
849 4268 885 4331 (v.
904 4268 973 4329 330.)
1006 4283 1027 4320 s.
1046 4265 1302 4320 interficit—Pto
1351 4279 1515 4335 urnamque

346 4323 547 4403 ‚louflcnhraden
575 4331 703 4398 proponit
751 4349 893 4400 ausumque
922 4332 983 4387 coll.
1001 4350 1026 4387 v.
1046 4338 1104 4387 434.
1126 4363 1158 4372 -
1175 4331 1232 4394 333
1250 4349 1308 4404 sqq.
1336 4334 1476 4402 „Lusibns
1491 4335 1515 4385 et

346 4407 411 4471 rqcrs
440 4394 511 4445 mter
540 4394 634 4461 epulas
652 4396 784 4452 Sarranus
814 4415 940 4469 magnam
971 4401 1058 4455 noctis
1088 4404 1194 4469 partem
1223 4405 1358 4469 exegerat,
1392 4404 1421 4456 et
1451 4415 1515 4454 nnnc

346 4474 408 4512 rmo
427 4461 567 4537 ‚gravatus
598 4464 692 4529 (mano
709 4466 760 4519 deo
778 4467 876 4531 victae)
895 4468 1084 4522 obdormierat.
1120 4468 1226 4535 Quanto
1243 4468 1340 4523 melius
1358 4468 1466 4533 inisset,
1495 4464 1515 4518 ai

346 4527 512 4606 potationem
543 4542 597 4607 pers
618 4532 704 4609 totam
734 4536 840 4588 noctem
863 4535 1049 4589 continuasset
1067 4537 1096 4589 33
1113 4536 1245 4590 inlunem
1265 4536 1453 4605 produxisset!
1482 4536 1516 4588 in

347 4609 417 4647 emm
435 4610 450 4647 o
469 4610 551 4662 prrmr
568 4610 584 4648 a
599 4593 667 4675 illiso
684 4615 738 4653 non
781 4602 924 4657 otuisset.“
960 4604 1050 4671 Heya.
1085 4603 1236 4657 Sarrum
1253 4606 1346 4657 autern
1364 4604 1515 4674 scripsimn!

346 4676 407 4715 enm
459 4678 531 4731 agn,
551 4661 729 4783 qlurrmorum
746 4618 779 4721 el
791 4670 952 4749 optimorum
971 4668 1056 4723 Codd.
1074 4672 1265 4750 auctoritatem
1283 4672 1380 4734 secuti,
1409 4688 1462 4725 nou
1478 4673 1515 4722 ta·

347 4744 408 4783 rnen
439 4744 549 4810 cnmfleo
570 4746 612 4784 em
629 4731 693 4786 Vrro
713 4734 794 4789 docto
812 4753 858 4792 ans
878 4741 988 4800 roantes,
1019 4738 1170 4806 Vergrlinm
1188 4742 1260 4792 tecte
1278 4754 1390 4808 carpere
1408 4738 1515 4793 Atilium

346 4795 438 4874 letum,
467 4814 513 4866 qur
540 4797 700 4853 traducatur
731 4802 816 4858 Catai.
879 4846 885 4859 .
910 4808 939 4859 et
956 4804 1002 4859 IV.
1033 4806 1070 4872 (in
1118 4823 1152 4860 no
1184 4821 1288 4860 mecum
1317 4807 1455 4861 consentit
1471 4805 1515 4857 Co-

346 4866 478 4944 mngton).
536 4866 565 4919 ul
586 4883 600 4920 o
621 4867 787 4952 Serranam,
818 4873 889 4941 quod
914 4889 946 4927 ex
969 4874 1111 4953 recention
1129 4890 1162 4927 ns
1179 4873 1328 4928 editoribus
1348 4891 1420 4929 rmus
1437 4873 1516 4942 aua

281 5010 286 5022 .
347 4935 470 4988 cervant
489 4964 517 4973 -—
597 4974 603 4987 .
632 4936 781 5004 pluruma
812 4941 957 5005 lacerat,
993 4940 1102 4995 ludrbns
1130 4945 1158 4995 et
1185 4941 1250 4995 iocis
1281 4941 1443 4996 indulserat.
1477 4938 1514 4993 Gi.
