3359 5725
311 525 364 603 vr*
511 536 782 602 PROOEMIUM
804 535 1038 601 EDITIONIS
1060 533 1285 616 QUARTAE.

311 714 381 770 rate
402 702 523 768 contuli
544 711 575 766 ct
599 703 758 788 excerpsi,
782 701 999 767 Weidneri
1019 712 1127 767 autem
1139 699 1369 766 commentario
1397 702 1486 764 omni

311 786 408 852 laude
430 785 621 871 dignissimo
634 787 686 864 ³⁴),
708 788 762 871 qui
783 784 915 870 prodiit,
938 809 1001 872 quo
1023 796 1169 870 tempora
1186 805 1306 868 magna
1320 805 1397 868 pars
1413 782 1486 846 Vol.

312 871 354 936 Π.
376 869 473 934 huius
501 867 576 933 edit
598 869 663 932 iam
690 869 781 953 typis
808 866 972 953 descripta
993 880 1079 947 erat,
1108 889 1159 930 me
1187 867 1235 930 uti
1256 888 1319 930 non
1341 867 1486 950 potuisse

311 953 518 1017 vehementer
530 950 633 1015 doleo.
656 950 752 1028 (Vide
766 962 876 1015 tamen
899 950 1059 1015 Addenda
1081 949 1123 1014 ad
1140 949 1211 1014 Vol.
1230 947 1285 1026 II.)
1307 949 1484 1012 Praeterea

311 1058 389 1102 vero
424 1037 521 1100 etiam
558 1034 812 1120 praestantiores
851 1033 987 1099 aliorum
1024 1043 1192 1119 poetarum
1225 1041 1256 1096 et
1290 1032 1486 1117 scriptorum

311 1119 404 1185 Rom.
427 1117 583 1183 editiones
606 1116 840 1181 recentioribus
862 1115 1062 1202 temporibus
1083 1118 1116 1179 in
1137 1114 1241 1179 lucem
1268 1115 1420 1188 emissas,
1450 1123 1486 1177 ut

311 1201 456 1266 Lucretii
483 1224 503 1265 a
527 1200 852 1282 Lachmann0³⁵),
885 1199 991 1264 Plauti
1020 1222 1039 1263 a
1066 1197 1273 1274 Ritschlio‚
1307 1197 1439 1261 Horatii
1465 1219 1487 1261 a

312 1285 479 1360 Rittero,
507 1284 571 1347 Pro
597 1284 671 1346 ertii
697 1280 738 1346 ab
767 1280 1059 1368 Hertzbergio,
1093 1281 1192 1344 Ennii
1221 1303 1241 1344 a
1271 1278 1485 1355 Vahlenio,

311 1366 473 1431 Macrobii
503 1365 544 1430 ab
572 1305 669 1431 lano
697 1372 845 1448 curatas,
872 1365 1027 1450 Ungeri
1056 1364 1174 1429 librum
1198 1362 1238 1427 de
1260 1360 1379 1460 Valgio
1401 1363 1485 1427 Ruso

314 1461 372 1516 etc.
389 1448 562 1534 diligenter
584 1449 724 1534 inspexi,
747 1457 782 1512 ut
795 1448 882 1530 inde,
906 1470 990 1534 quae
1012 1446 1055 1513 ad
1078 1445 1222 1532 singulos
1239 1445 1377 1531 Vergrlii
1394 1445 1484 1509 locos

312 1536 430 1597 rectius
452 1529 713 1617 interpretandos
729 1530 885 1613 valerent,
900 1553 1119 1617 excerperem,
1142 1551 1338 1616 quamquam
1356 1530 1486 1593 termini

313 1615 446 1680 editioni
465 1636 556 1679 meae
578 1615 674 1701 positi
698 1614 748 1679 his
770 1614 920 1678 omnibus
936 1612 1090 1678 subsidiis
1112 1635 1165 1694 eo,
1187 1635 1250 1700 quo
1265 1610 1393 1694 vellem,
1417 1634 1485 1676 am·

312 1698 381 1763 bitu
404 1711 436 1763 et
458 1700 642 1783 integritate
664 1698 711 1761 uti
731 1696 810 1761 mihi
835 1719 901 1762 non
930 1699 1157 1784 permiserunt.
1178 1695 1217 1760 In
1238 1696 1321 1782 ipsis
1344 1694 1482 1781 Vergilii

311 1780 422 1846 verbis
449 1804 491 1846 ex
513 1782 712 1866 optimorum
734 1778 893 1845 Codicum
915 1782 1106 1845 auctoritate
1132 1777 1362 1860 emendandis,
1389 1780 1483 1843 novis

314 1863 469 1929 subsidiis
492 1865 614 1929 criticis
636 1871 765 1949 praeter
786 1864 897 1928 varias
919 1862 1073 1928 lectiones
1095 1862 1231 1927 chrici
1260 1860 1487 1926 benevolentia

313 1970 438 2011 mecum
466 1946 772 2021 communicatam)
802 1967 936 2031 prorsus
970 1945 1155 2027 destitutus,
1184 1944 1372 2031 plerumque
1394 1967 1485 2030 prae·

316 2030 547 2094 stantissimam
569 2027 743 2093 Ribbeckii
764 2031 985 2095 recensionem
1005 2038 1134 2093 secutus
1156 2050 1236 2104 sum,
1261 2026 1363 2091 libero
1379 2039 1486 2091 tamen

313 2111 434 2177 iudicio
463 2134 533 2176 meo
562 2135 639 2176 usus
669 2110 779 2175 multis
801 2112 897 2176 etiam
926 2113 960 2176 in
986 2111 1066 2177 locis
1095 2110 1137 2176 ab
1163 2134 1200 2176 eo
1234 2109 1386 2191 discessi,
1414 2133 1486 2174 cum

314 2194 367 2258 hic
390 2195 443 2259 vir
481 2193 686 2259 doctissimus
713 2204 745 2259 et
778 2196 1010 2280 sagacissimus
1048 2195 1155 2259 studio
1190 2193 1330 2281 quodam
1360 2195 1487 2258 rariora

314 2285 346 2341 et
367 2277 580 2342 insolentiora
612 2276 758 2352 sectandi
784 2277 899 2342 ductus
919 2277 1019 2342 multo
1048 2277 1143 2364 plura
1164 2287 1307 2341 mutasse
1328 2276 1487 2357 videatur,

316 2382 414 2446 quam
433 2383 515 2447 opus
540 2372 619 2425 erat.
642 2359 834 2425 Carminum
857 2364 1017 2426 minorum
1040 2370 1227 2425 contextum
1256 2359 1426 2446 permultis
1454 2360 1487 2422 in

314 2442 394 2508 locis
419 2445 604 2517 immutavi,
626 2443 808 2530 Hauptium
829 2445 1034 2530 potissimum
1056 2454 1087 2508 et
1112 2442 1247 2508 eundem
1270 2442 1487 2507 Ribbeckium

315 2535 461 2601 secutus,
483 2528 553 2673 ipse
576 2535 683 2592 autem
707 2549 727 2591 a
747 2528 840 2592 novis
864 2527 1057 2593 coniecturis
1080 2526 1239 2600 abstinui,
1263 2548 1401 2613 quarum
1422 2527 1488 2589 iam

314 2610 410 2674 nimis
439 2633 494 2673 mu
508 2620 559 2673 tae
582 2609 731 2696 prolatae
759 2621 848 2691 sunt,
879 2625 953 2674 cum
980 2632 1059 2674 sane
1086 2610 1168 2674 haec
1201 2610 1347 2674 carmina
1379 2631 1487 2674 corru-

314 2693 466 2778 ptissima
487 2692 614 2776 largam
637 2692 817 2780 praebeant
839 2693 1042 2758 coniectandi
1070 2696 1282 2759 occasionem.
1326 2690 1423 2771 Quod
1446 2690 1488 2755 ad

315 2775 582 2863 orthographiam
609 2778 738 2851 attinet,
768 2777 801 2839 in
830 2776 939 2841 multis
991 2776 1098 2840 uidem
1130 2773 1299 2839 vocabulis
1325 2774 1485 2848 Ritschlii,

314 2856 533 2937 Lachmanni,
556 2857 790 2941 Fleckeisenii,
816 2858 981 2925 Brambac
1004 2860 1029 2925 ii
1050 2858 1251 2947 aliorumque
1273 2862 1488 2924 recentiorum

314 2951 491 3089 ppaecepta
512 2944 723 3029 respicientes
745 2965 831 3007 nunc
852 2945 1067 3028 antiquiorem
1087 2942 1252 3008 scribendi
1265 2944 1424 3007 rationem
1445 2964 1487 3005 ex

350 3024 461 3091 ediceo
483 3029 685 3112 potissimum
713 3025 797 3091 libro
820 3028 1061 3110 revocavimus,
1082 3049 1194 3092 omues
1223 3025 1485 3090 tamenarchais-

348 3279 391 3343 34)
415 3276 586 3330 Cornmeutor
613 3293 647 3328 zu
674 3274 790 3343 Verqd’a
806 3275 907 3329 Aerati
928 3274 1009 3328 Bueh
1038 3273 1062 3327 I.
1090 3291 1116 3329 u.
1141 3274 1181 3327 11.
1209 3291 1262 3327 sou
1287 3272 1323 3326 A.
1351 3272 1487 3327 Weidner.

314 3344 404 3413 Leipz.
423 3345 495 3397 1869.
515 3372 544 3380 -
563 3340 654 3394 Etiam
672 3341 813 3409 Pochliqii
835 3344 922 3396 Beitr.
940 3360 988 3395 zur
1009 3341 1104 3395 Kriou
1131 3360 1156 3396 u.
1184 3341 1301 3394 Ertldr.
1329 3358 1383 3395 uon
1409 3341 1486 3408 Verq.

316 3412 383 3464 Aen.
403 3410 465 3463 Lib.
483 3410 507 3461 1.
527 3408 650 3461 Steudul.
671 3411 744 3461 ¹871.
762 3414 785 3461 4.
806 3408 920 3478 aliisque
942 3408 1102 3478 quibusdam
1127 3408 1227 3463 libellis
1245 3405 1338 3463 eadam
1356 3407 1389 3463 de
1407 3424 1489 3463 cansa

314 3476 432 3532 nondum
452 3476 519 3529 mihi
536 3475 614 3529 licuit
633 3474 682 3528 nti.

349 3546 392 3611 35)
411 3543 464 3597 Cui
480 3544 535 3596 viro
553 3541 741 3606 meritissimo,
764 3542 897 3611 qnantum
915 3542 949 3597 ad
969 3559 1011 3597 mc
1029 3542 1143 3606 attinet,
1162 3542 1265 3597 dudum
1282 3541 1432 3597 condonavi
1449 3543 1488 3596 in-

316 3610 460 3666 solentiam
477 3610 554 3664 illam
572 3613 600 3663 et
611 3609 849 3673 inhumanitatem,
868 3626 922 3680 qua
939 3627 1045 3664 menon
1064 3610 1152 3666 minus
1165 3627 1246 3680 quam
1260 3610 1411 3664 Havcrlram
1433 3628 1488 3675 mn,

314 3677 517 3746 Wakefieldum,
541 3677 737 3739 Eichstadinm,
755 3676 895 3745 Orellinm,
913 3678 980 3733 alios
993 3680 1130 3748 tractavit,
1149 3696 1210 3733 curu
1229 3678 1285 3747 ipse
1297 3695 1368 3733 nunc
1385 3628 1488 3732 doleam

318 3746 464 3801 iuvenilem
480 3744 624 3801 audaciam
646 3761 747 3812 meam,
771 3760 825 3813 qua
848 3747 911 3800 ante
932 3746 982 3800 hos
999 3745 1086 3801 XLVI
1109 3764 1193 3801 annos
1211 3745 1344 3800 Teubneri
1365 3746 1489 3816 precibus

316 3813 412 3869 cedens
434 3814 464 3867 G.
486 3813 581 3869 Beiero
604 3829 714 3867 suasore
735 3812 836 3867 accessi
861 3813 896 3867 ad
920 3830 934 3867 o
954 3831 986 3867 us
1007 3816 1065 3868 tam
1088 3814 1209 3875 difficile,
1233 3813 1312 3883 quale
1338 3816 1403 3868 tnnc
1430 3815 1489 3869 erat

315 3881 435 3936 Lucretii
453 3881 536 3935 editio
555 3880 656 3942 critica,
676 3896 839 3951 quamquam
860 3897 913 3934 nou
931 3831 1074 3936 defuerunt
1091 3881 1143 3935 viri
1161 3881 1245 3946 docti,
1271 3881 1317 3951 qui
1339 3881 1489 3951 pericnlum

316 3965 405 4004 meum
430 3965 485 4004 non
508 3948 581 4003 omni
602 3947 682 4003 lande
705 3948 847 4018 indignum
878 3951 1031 4016 censerent,
1082 3949 1135 4003 uod
1166 3965 1230 4003 sane
1254 3949 1284 4004 C.
1299 3948 1489 4003 Lachmanuus

315 4033 367 4071 non
387 4016 455 4070 satis
468 4018 561 4138 potuit
578 4016 679 4083 mirari,
697 4032 775 4085 quem
788 4016 854 4070 adeo
864 4015 1053 4071 celeberrimus
1095 4017 1217 4071 itschlius
1230 4015 1340 4085 Opuscc.
1353 4017 1490 4086 11.p.434.

317 4084 447 4149 „nimium
480 4085 552 4139 nisse
569 4084 597 4137 in
615 4085 792 4153 Forbigernm
804 4083 973 4138 invehendo“
992 4084 1101 4140 iudicat.

350 4154 393 4219 36)
411 4151 453 4205 ef.
471 4169 554 4221 supra
577 4151 639 4206 adn.
664 4156 702 4208 17.
721 4151 846 4206 Contulit
864 4152 905 4206 vir
930 4149 1038 4207 doctiss.
1058 4155 1166 4221 praetor
1183 4151 1265 4205 libros
1289 4150 1418 4219 scriptos,
1443 4151 1489 4221 qui

316 4219 343 4274 in
362 4219 459 4273 exteris
478 4221 558 4274 terris
576 4221 759 4282 asservantur,
777 4219 805 4272 in
824 4219 1039 4279 solaGermunia
1051 4222 1144 4274 nostra
1161 4221 1190 4274 ct
1202 4218 1327 4273 Helvetia
1336 4235 1390 4272 non
1402 4220 1489 4274 minas

315 4302 397 4407 pluam
408 4286 470 4340 LIX
482 4286 596 4355 Vergilii
607 4287 727 4347 Codices,
746 4288 803 4341 tres
815 4287 961 4352 Gudianos,
981 4292 1036 4342 tres
1055 4288 1122 4341 alios
1134 4286 1387 4356 Guelpherbitanos,
1406 4304 1489 4341 unum

343 4352 574 4418 elmstadieusem,
599 4370 681 4408 unum
704 4355 952 4424 Hambnrgensem,
977 4359 1034 4410 tras
1052 4355 1253 4424 Rehdigeranos
1278 4354 1489 4424 (Vratislaviael,

317 4423 369 4476 duo
387 4421 555 4500 Lipsienses,
573 4437 655 4476 unum
674 4421 862 4490 Dresdeusem,
881 4426 996 4542 ‹puatuor
1013 4422 1161 4485 Gothanos,
1180 4426 1285 4493 septem
1305 4422 1488 4486 Monacenses‚

316 4494 376 4544 octo
395 4488 630 4554 deobonenses,
654 4505 737 4544 unum
757 4490 785 4544 in
803 4506 884 4545 coeno
906 4490 931 4545 io
948 4490 1134 4560 Neoburgensi
1151 4490 1227 4545 iuxta
1243 4489 1430 4545 Vindobonam
1449 4491 1490 4544 iu-

316 4559 439 4620 ventnm,
463 4557 515 4611 dno
532 4557 760 4625 Bambargenses,
783 4574 868 4611 unum
886 4558 914 4612 in
932 4558 1062 4614 Bavuriae
1080 4574 1141 4614 arca
1159 4558 1350 4612 Weissenstcin
1368 4574 1489 4613 asserva-

316 4628 384 4689 tum,
402 4625 455 4679 duo
473 4624 661 4694 Erlangenses,
682 4628 797 4695 quatuor
809 4624 982 4692 Basilienses,
1001 4627 1090 4681 decem
1104 4626 1254 4681 Bemensss
1273 4629 1301 4680 et
1318 4641 1363 4677 sex
1376 4626 1490 4695 Sangal-

316 4692 417 4761 lenscs,
442 4708 552 4763 qnorum
579 4692 699 4747 omnium
725 4693 813 4747 varias
835 4693 962 4749 lectiones
985 4693 1011 4748 in
1033 4694 1056 4747 L
1085 4694 1141 4749 fere
1164 4693 1290 4749 Aeneidis
1307 4691 1403 4747 l-vr.
1421 4692 1488 4747 locis

317 4759 368 4813 viri
391 4760 547 4815 amicissimi
568 4760 769 4815 benevolentiae
787 4760 883 4826 debeo,
910 4778 977 4831 quas
1000 4762 1051 4816 etsi
1068 4762 1225 4832 neutiquam
1252 4758 1369 4827 neglexi,
1393 4761 1489 4815 afferre

318 4830 409 4881 tamen
427 4828 559 4895 dubitavi,
579 4845 612 4883 ne
634 4827 719 4897 ipsius
732 4828 852 4899 amplum
868 4830 1089 4884 commentarium
1107 4846 1167 4883 mox
1185 4826 1394 4896 exspectandum
1411 4846 1488 4898 prae-

318 4910 484 4977 occuparem:
503 4897 571 4978 Evul
591 4895 648 4977 ‚vit
665 4911 736 4950 nnnc
756 4912 892 4951 recensum
906 4898 1025 4952 omnium
1037 4896 1118 4952 Codd.
1138 4913 1155 4951 a
1172 4912 1201 4949 se
1211 4895 1370 4949 collatorum
1385 4896 1412 4949 in
1427 4896 1488 4949 libri

318 4964 459 5017 Aeneades
477 4981 575 5034 rnscrrp
590 4983 599 5018 1
616 4963 675 5019 Vol.
693 4964 716 5019 I.
734 4981 759 5033 p.
778 4965 908 5021 XI-LX.
