3359 5725
337 605 397 665 706
752 596 872 662 COPA
891 619 923 661 v,
948 600 1089 662 15-26.

339 766 421 829 Sunt
445 773 477 826 et
496 763 644 847 virgineo
667 762 770 827 libata
793 762 946 826 Achelois
968 760 1010 825 ab
1031 782 1125 825 amne

420 845 517 928 Lilia,
537 867 621 933 quae
642 847 747 910 niveis
770 845 880 909 attulit
899 846 931 909 in
955 844 1101 908 calathis.

339 930 422 995 Sunt
443 938 476 994 et
498 928 627 1005 caseoli,
649 951 730 1016 quos
752 930 863 1015 sirpea
885 928 1002 992 fiscina
1024 929 1134 1011 siccat,

422 1011 505 1076 Sunt
526 1011 722 1077 autumnalis
745 1033 840 1076 cerea
857 1033 964 1098 pruna
985 1009 1082 1093 deae,

338 1095 421 1160 Sunt
443 1104 475 1160 et
495 1117 587 1160 mora
608 1104 743 1161 cruenta
763 1103 796 1160 et
815 1094 911 1159 lentis
931 1117 996 1159 uva
1017 1095 1158 1159 racemis

421 1176 466 1241 Et
487 1176 632 1264 pendens
651 1180 748 1243 iunco
771 1176 938 1243 caeruleus
961 1180 1114 1259 cucumis,

339 1259 585 1360 Castaneaeque
602 1284 702 1326 nuces
722 1271 755 1326 et
772 1283 874 1326 suave
894 1260 1045 1327 rubentia
1065 1260 1170 1344 mala,

421 1343 483 1408 Est
503 1343 557 1408 liic
579 1344 700 1408 munda
722 1345 831 1427 Ceres,
853 1353 902 1409 est
924 1343 1035 1425 Amor,
1059 1353 1108 1408 est
1128 1344 1294 1409 Bromius.

338 1425 400 1490 Est
421 1436 456 1490 tu
480 1429 536 1491 uri·
553 1436 671 1508 custos,
693 1438 838 1493 armatus
859 1427 944 1493 falce
966 1426 1103 1512 saligna,

421 1448 484 1573 Sed
505 1521 600 1574 vasto
613 1533 687 1575 ,non
709 1520 759 1576 est
779 1512 913 1596 inguine
934 1509 1100 1575 terribilis.

338 1591 422 1676 Huc,
443 1592 597 1679 calybita,
617 1597 707 1658 veui:
728 1593 834 1659 lassus
855 1596 920 1658 iam
944 1593 1039 1657 sudat
1061 1591 1196 1666 asellus3

421 1676 525 1740 Parce
546 1675 593 1741 illi
615 1677 749 1742 Vestae:
773 1676 923 1742 delicium
946 1686 997 1742 est
1018 1677 1137 1741 asinus.

338 2093 1233 2243 uaticinantiumstruaeteliu
1248 2092 1510 2242 uniductu

340 2231 372 2283 H
464 2231 553 2285 Verba
582 2247 620 2284 sic
638 2245 782 2299 coniunge:
815 2229 886 2283 Sunt
902 2238 928 2283 et
945 2230 1016 2296 lilio,
1045 2246 1116 2299 pisae
1132 2229 1220 2282 libata
1238 2232 1276 2283 ab
1294 2248 1379 2284 unare
1396 2244 1510 2297 worm

337 2303 380 2350 Ac
398 2298 467 2350 cloia
495 2298 588 2351 abolit
621 2300 650 2351 ia
673 2297 792 2351 coluthia
807 2298 903 2351 atoma.
938 2297 1021 2351 Sunt
1037 2307 1067 2350 et
1084 2296 1170 2365 Sillig.
1189 2313 1204 2351 e
1221 2296 1309 2350 Codd.
1329 2299 1453 2351 restituit
1469 2311 1509 2364 pro

339 2365 411 2435 vulg.
431 2366 470 2418 Et
497 2382 575 2435 qaue.
597 2396 629 2405 —-
645 2366 810 2419 Achelois
840 2366 949 2419 omniuo
998 2381 1027 2418 ro
1044 2364 1180 2434 Nympha,
1210 2380 1273 2418 oum
1292 2365 1442 2420 Acheloum
1468 2378 1508 2431 pro

357 2433 434 2487 uaris
466 2432 607 2487 auadioi
629 2435 743 2488 constet
777 2432 817 2488 cl.
837 2432 942 2487 aduott
960 2382 997 2487 ad
1014 2432 1079 2486 Goo.
1097 2432 1119 2493 1,
1140 2437 1165 2485 9.
1184 2433 1351 2486 —ls'bota
1368 2434 1409 2487 ab
1426 2446 1507 2485 oniae

338 2450 424 2570 lieyn.
443 2505 470 2555 et
517 2499 605 2556 amad.
624 2501 693 2555 satia
710 2500 854 2554 artificiose
871 2500 1006 2569 explicant
1023 2516 1071 2569 per
1087 2500 1244 2553 humefacta
1260 2500 1296 2554 ab
1314 2517 1407 2562 amne,
1425 2501 1506 2553 florea

338 2570 379 2623 tia
395 2570 423 2622 in
442 2570 509 2638 ripa,
541 2585 623 2639 quam
642 2569 722 2623 alluit
738 2568 824 2631 unda;
856 2572 921 2622 sunt
938 2568 1028 2638 potius
1046 2584 1077 2621 ex
1095 2567 1156 2636 ripa
1172 2567 1303 2636 decerpta
1320 2574 1352 2622 et
1369 2567 1505 2687 intergle

338 2652 381 2689 res
399 2638 477 2690 florea
494 2637 588 2690 electa.
610 2667 640 2675 -
659 2637 836 2705 vimineas
866 2638 975 2690 amuis
992 2635 1095 2704 Heynio
1123 2637 1165 2688 est
1197 2651 1283 2704 purus
1309 2639 1341 2689 et
1359 2636 1456 2706 polluci
1473 2650 1504 2685 ua

339 2704 444 2771 Silligio
476 2702 614 2772 epitheton
633 2708 744 2784 propter
761 2704 832 2772 Nym
853 2704 916 2757 bam
932 2703 1056 2757 additum
1074 2702 1182 2757 videtur
1200 2705 1228 2781 et
1245 2704 1304 2757 loco
1322 2703 1441 2758 Genitiri
1458 2703 1505 2755 eiu

338 2771 465 2837 positum.
487 2800 517 2810 -
536 2770 579 2830 16.
606 2773 715 2824 aeaeis
733 2772 768 2823 iu
784 2719 948 2832 cadomis,
966 2773 984 2825 i.
1003 2787 1025 2824 e.
1044 2771 1162 2825 liliorum
1180 2786 1322 2826 uiveomm
1343 2771 1440 2840 plenia
1470 2768 1503 2822 Gt

338 2837 411 2919 Coit.
439 2838 478 2920 'ad
496 2838 595 2894 Lucan.
614 2838 636 2907 1,
654 2843 712 2920 too.
738 2839 877 2920 aSilligio
894 2839 977 2904 laud„
1027 2839 1054 2893 ui
1072 2838 1142 2920 hano
1158 2837 1303 2893 lectionem
1322 2854 1338 2893 e
1356 2839 1422 2895 God.
1440 2837 1505 2918 toea

338 2910 460 2961 restituit
496 2923 525 2960 ro
543 2908 616 2976 vulg.
635 2907 714 2961 Lilia
730 2909 856 2960 mmiuois
872 2911 922 2962 eto.
943 2939 975 2949 -
996 2856 1037 2968 ll.
1067 2924 1204 2977 acirpea
1228 2922 1279 2976 pro
1296 2907 1374 2978 vulg.
1390 2908 1505 2978 plurimo·

338 2990 397 3054 rum
415 2924 500 3029 (rond.
518 2974 632 3029 lectione
649 2976 748 3029 iunceo
766 2974 851 3037 Silliu.
869 2975 1004 3054 revocavit
1022 2993 1053 3029 er
1070 2974 1134 3028 uod.
1152 2973 1238 3039 Laid,
1268 2991 1386 3044 quocum
1407 2990 1504 3054 consea-

337 3045 413 3095 tiunt
430 3042 509 3104 Gud„
537 3043 607 3096 alter
624 3043 701 3096 Voss.
719 3045 747 3096 et
764 3042 805 3097 ed.
825 3043 888 3096 Ald.
906 3061 1000 3123 cirpea
1020 3043 1187 3112 praebentes,
1219 3058 1302 3112 quam
1320 3043 1454 3097 scribendi
1471 3056 1504 3094 rr·

338 3111 439 3163 tionem
468 3127 517 3163 nos
544 3126 603 3163 oum
634 3111 826 3165 recentioribus
856 3110 1005 3164 editoribus
1039 3109 1224 3179 praetulimus.
1257 3143 1286 3150 —
1321 3109 1367 3169 18.
1405 3125 1504 3165 cerea

334 3195 455 3247 pruna.
474 3177 534 3234 Vid.
554 3178 589 3232 ad
608 3178 664 3232 Eel.
678 3179 714 3241 11,
728 3183 812 3234 53.—
826 3178 1054 3232 auctomnols'a
1071 3180 1154 3231 deae
1171 3177 1198 3244 (i.
1217 3194 1240 3234 e.
1258 3177 1409 3242 Pomonssl
1428 3176 1504 3295 Silli5

338 3261 387 3314 pro
408 3246 480 3314 vulg.
490 3247 646 3300 autumnali
656 3247 702 3299 die
714 3263 728 3300 e
740 3246 824 3301 Codd.
835 3246 964 3301 restituit.
975 3277 1009 3286 -
1021 3245 1063 3305 19.
1075 3261 1168 3298 moro
1184 3255 1343 3312 eruenta,
1357 3249 1390 3300 nt
1403 3246 1455 3300 Set.
1468 3244 1505 3312 Y.

338 3317 379 3369 22.
392 3331 471 3367 mora
488 3315 647 3381 saepiam,
664 3317 774 3383 propter
791 3330 901 3366 succum
918 3314 1006 3367 cruori
1024 3313 1138 3367 similem
1157 3313 1202 3378 (ot.
1222 3313 1323 3367 Alcimi
1341 3314 1433 3384 Epigr.
1445 3314 1506 3366 inter

337 3380 500 3435 Petroniana
512 3398 536 3438 v.
550 3385 574 3434 7.
591 3381 703 3434 Horreo
720 3383 871 3448 submoneo
889 3383 960 3435 mula
976 3400 1056 3435 moro
1072 3381 1198 3434 numan
1214 3382 1320 3447 nacco),
1333 3381 1407 3436 uude
1423 3378 1506 3434 tabula

338 3447 447 3514 Pymmi
467 3455 495 3503 et
515 3448 636 3504 Thisbes.
661 3447 702 3502 Cf.
722 3446 799 3503 Ovid.
812 3449 876 3503 Met.
890 3449 937 3516 IV,
951 3453 993 3502 161
1011 3467 1041 3517 sq
1062 3480 1114 3502 .-
1131 3445 1177 3508 21).
1192 3449 1236 3501 Et
1251 3451 1407 3518 pendeas
1425 3461 1505 3501 ornnes

339 3515 396 3567 fere
414 3515 498 3569 Codd.
516 3515 649 3581 exhibent,
669 3532 735 3585 quoa
752 3515 840 3584 Sillig.
854 3520 963 3571 secutus
977 3522 1026 3571 est.
1043 3467 1132 3582 luigo
1144 3517 1197 3568 Est
1206 3519 1339 3585 perideus.
1351 3547 1384 3556 —-
1397 3533 1505 3570 coera-

339 3583 350 3634 l
356 3597 414 3633 oua
431 3583 587 3637 circumis.
610 3582 654 3637 Sic
672 3584 754 3636 etiam
763 3582 844 3652 Prop.
855 3585 887 3647 V,
899 3585 968 3651 (lvi
979 3589 1002 3652 t,
1013 3589 1055 3638 4³.
1073 3584 1218 3647 „Ceterum
1230 3583 1319 3653 Ilgeu.
1330 3588 1454 3639 remuniri
1470 3598 1505 3635 or·

339 3649 429 3702 dinem
446 3650 487 3702 ita
498 3649 629 3718 disponit:
650 3654 688 3704 21.
702 3654 745 3703 22.
757 3654 854 3729 ¹⁹·.²⁰·
866 3668 995 3721 perquam
1007 3668 1070 3706 sane
1082 3651 1269 3720 probabiliter,
1281 3653 1348 3720 quia
1363 3669 1387 3705 v.
1399 3656 1440 3706 io.
1451 3665 1505 3704 enu-

338 3718 1505 3852 1111111111111110211111111ᾰῆ1“1ἓ”11“ὲ11““1“11“111

408 3828 413 3839 .
614 3804 676 3842 a..
807 3803 815 3837 i
914 3803 1035 3842 cer..
1095 3803 1286 3841 .asnur.
1381 3804 1427 3842 are

337 3853 458 3921 Hauptio
479 3857 508 3905 et
531 3803 724 3922 posteridribus
741 3852 892 3906 editoribus
910 3803 1034 3908 vdrsuulii
1053 3853 1172 3907 ordinem
1191 3854 1231 3908 sic
1248 3855 1464 3909 immutavimus.
1479 3880 1504 3891 -·

338 3921 371 3973 V.
384 3920 428 3981 21.
444 3921 629 3975 Castoncoo
644 3937 759 3982 amaea,
778 3924 810 3974 ut
827 3921 928 3988 uel-11,
937 3926 988 3985 52,
1006 3922 1053 3975 ubi
1069 3921 1123 3975 vid.
1141 3921 1290 3976 adnott.-
1304 3919 1353 3981 22.
1370 3924 1468 3977 Gcm
1479 3947 1504 3962 ··
1557 3950 1558 3965 r

338 3991 506 4042 Bromius.
529 3987 590 4042 vid.
609 3989 643 4042 ad
662 3989 719 4043 Ecl.
734 3988 766 4052 V,
778 3992 818 4043 69.
838 3990 971 4043 Bromius
983 3993 1074 4043 autem
1086 3990 1235 4044 vocabatur
1251 3990 1387 4058 Bacchus,
1399 3992 1441 4045 sel
1454 3989 1505 4071 quis

337 4057 409 4111 inter
432 4057 542 4125 fulgura
569 4059 597 4111 et
619 4055 741 4111 tonitrua
766 4057 837 4110 vitae
859 4057 945 4111 lucem
964 4056 1014 4110 ads
1065 4057 1087 4110 't
1106 4057 1195 4123 (Diod.
1213 4057 1260 4119 IV,
1279 4062 1330 4123 bt,
1358 4059 1404 4113 rel
1421 4071 1506 4129 quui

338 4125 436 4178 Brome
459 4142 481 4177 s.
499 4123 605 4179 Bromie
623 4125 649 4179 N
667 4142 692 4178 m
713 4124 749 4178 ba
766 4124 896 4178 educatus
914 4127 999 4188 erat(
1027 4124 1238 4194 ygin.f.18².).
1273 4127 1317 4182 Cf.
1335 4128 1421 4181 etiam
1438 4124 1505 4181 oui.
1557 4179 1558 4190 ἶ

336 4192 403 4245 Met.
426 4192 473 4259 IV,
499 4198 539 4246 11.
561 4224 594 4233 —
620 4141 666 4253 22
723 4208 738 4247 e
766 4191 863 4262 Priapo
889 4208 1038 4272 sermonem
1064 4209 1122 4247 esse
1146 4195 1235 4273 patet
1278 4194 1323 4247 Cf.
1347 4194 1453 4263 adnott.
1479 4189 1506 4246 sd

338 4259 401 4313 (leo.
419 4259 466 4326 IV,
487 4263 534 4313 110
552 4275 592 4380 εᾛ.
611 4289 643 4299 -
661 4257 723 4340 ‘242
739 4259 823 4328 Ilgen.
853 4261 949 4313 scribit
977 4268 1056 4340 vasto
1070 4261 1261 4342 ermae,
1282 4278 1341 4331 qua
1356 4261 1507 4341 'coniectum

337 4331 649 4475 ltlitpbtsitigtf
666 4327 1166 4476 Siluiitlmttttltillut
1183 4328 1507 4467 attitulati
1557 4446 1558 4452 .

336 4479 392 4515 eius
424 4466 509 4517 vasto.
544 4463 670 4517 Ceterum
702 4464 736 4519 ct.
755 4463 844 4531 Pnap.
862 4463 936 4530 XIX,
962 4468 987 4516 6.
1018 4463 1087 4529 LVI,
1107 4469 1131 4518 4.
1162 4463 1269 4519 Colum.
1288 4465 1324 4531 X,
1343 4469 1376 4519 32
1394 4483 1451 4536 sqq.
1479 4462 1508 4517 at

335 4531 403 4583 Cum
421 4530 543 4611 Hauptio
574 4547 635 4585 vero
665 4535 694 4584 et
715 4531 908 4653 posterioribus
926 4530 1073 4585 editoribus
1091 4548 1122 4585 er
1140 4547 1193 4584 uuo
1210 4531 1278 4589 cod.
1296 4533 1418 4589 colbert
1436 4533 1508 4587 rerba

335 4601 412 4652 trans
432 4614 561 4660 cauimus,
609 4614 660 4652 uae
687 4615 722 4652 ru
753 4615 768 4653 o
793 4615 832 4652 sic
853 4599 1030 4653 collocantur:
1060 4599 1118 4652 Sed
1143 4616 1200 4651 noa
1226 4608 1254 4652 et
1278 4609 1361 4656 vano
1387 4610 1426 4655 est
1453 4602 1469 4655 1
1493 4606 1507 4650 t.

337 4696 367 4704 —
421 4663 483 4727 ‚25
500 4683 541 4736 sq.
568 4614 649 4735 vidgo
673 4667 711 4719 sio
734 4615 876 4747 dignatur:
912 4667 977 4719 Hac
1001 4664 1126 4734 Culybito
1149 4666 1199 4733 (sic
1216 4684 1289 4722 unns
1307 4669 1440 4731 Colbert,
1474 4668 1508 4720 lu·

336 4733 397 4787 rimi
421 4734 544 4799 solidita,
572 4735 628 4787 tres
657 4735 721 4787 obal
739 4736 795 4787 beta
824 4734 961 4797 exhibent)
989 4736 1065 4787 vem':
1108 4751 1183 4786 eam
1211 4736 1270 4789 ium
1295 4741 1383 4792 nutat
1403 4757 1421 4792 o
1501 4753 1509 4786 .·

334 4800 425 4879 Paroa
448 4801 507 4867 illi,⁸
536 4809 653 4854 vautram
679 4754 810 4855 delicium
835 4810 874 4855 eat
901 4804 1021 4881 omnim,
1034 4804 1062 4855 et
1111 4801 1144 4854 iri
1169 4801 1243 4856 docti
1270 4807 1411 4874 permulta
1434 4805 1465 4859 de
1480 4804 1508 4856 iis

335 4867 509 4936 disputarunt
527 4869 571 4936 (cl.
590 4869 674 4937 Ilgen.
695 4885 720 4938 p.
741 4873 869 4933 40-52.).
897 4868 982 4938 Sillig.
1014 4868 1075 4922 inde
1098 4868 1163 4922 lecit
1181 4870 1261 4925 Huic
1280 4872 1422 4943 Οῃὺεὶὼια
1438 4873 1508 4934 mit,

333 4961 345 4972 ·
363 4963 374 4974 ·
405 4937 496 4990 Parce
524 4936 584 4989 illi:
613 4944 736 4989 nostrum
765 4939 820 4990 dal.
848 4945 887 4990 cat
914 4942 1017 5003 annisa
1046 4952 1208 5004 sensumque
1238 4939 1294 4993 loci
1324 4941 1366 4995 sio
1397 4939 1508 5013 erponltt

336 5000 425 5054 Huic
446 5004 491 5069 (ad
519 5004 603 5062 hunc.
627 5003 662 5057 ad
680 5004 823 5074 Priapum:
855 5007 889 5062 ci,
909 5003 984 5057 Cort.
1002 5005 1035 5057 ad
1054 5003 1151 5059 Lucan.
1170 5005 1220 5062 IV.
1238 5011 1301 5063 647.
1333 5010 1460 5065 Ruddiiu.
1478 5007 1508 5061 ll.
