3359 5725
522 1564 688 1661 PRO
706 1566 749 1660 Ο
766 1566 808 1660 Ε
825 1564 879 1659 Μ
897 1564 923 1660 Ι
938 1563 984 1658 U
1001 1564 1056 1658 M

588 1773 778 1842 soiuouis
801 1771 985 1854 sumum.

280 1937 481 2024 Redemptor
509 1938 604 2004 huius
636 1938 713 2004 libri
742 1939 989 2005 honestissimus
1018 1959 1091 2003 cum
1119 1944 1269 2023 quartam
1299 1935 1368 1999 eius

202 2021 374 2086 editionem
389 2021 571 2107 parandam
593 2046 664 2088 esse
682 2022 762 2087 mihi
783 2025 976 2104 nuntiasset,
999 2020 1056 2085 diu
1073 2019 1275 2096 dubitabam,
1295 2041 1371 2081 num

203 2105 278 2168 mihi
300 2106 365 2169 iam
388 2106 460 2169 seni
481 2104 646 2170 oculorum
668 2105 855 2171 infirmitate
877 2105 1041 2171 laboranti
1071 2113 1102 2167 et
1125 2105 1159 2167 in
1180 2101 1297 2166 umbra
1319 2100 1370 2165 de·

202 2189 289 2272 genti
317 2187 424 2253 hoco
450 2210 505 2267 us,
533 2191 625 2254 cuius
653 2188 860 2255 difficultates
882 2211 946 2254 non
968 2186 1177 2274 ignorabam,
1207 2184 1372 2270 suscipere

202 2274 328 2352 liceret3
355 2280 411 2335 tan
436 2292 486 2335 em
516 2294 596 2338 vero
626 2271 845 2338 dubitationes
882 2295 969 2337 meas
997 2273 1148 2336 vicerunt
1174 2278 1206 2334 et
1235 2270 1373 2332 iteratae

204 2355 265 2418 viri
285 2352 373 2418 illius
384 2352 425 2418 de
446 2353 509 2419 hac
526 2354 667 2421 editione
684 2357 807 2454 optime
828 2357 935 2419 meriti
944 2353 1063 2441 xpreces
1078 2362 1110 2417 et
1123 2352 1265 2418 officium
1287 2351 1373 2436 grati

204 2438 300 2501 animi
323 2437 444 2502 exteris
466 2439 672 2523 potissimum
693 2437 908 2524 significandi,
929 2439 984 2524 qui
1005 2437 1090 2501 hano
1110 2432 1374 2521 Vergilianorum

205 2522 382 2584 carminum
412 2519 585 2587 editionem
613 2531 703 2587 tanto
725 2525 839 2586 favore
862 2532 894 2586 et
916 2519 1143 2586 benevolentia
1166 2540 1245 2582 exce
1271 2527 1373 2582 erunt.

204 2604 318 2690 ltaque
348 2602 496 2668 omnibus
533 2604 694 2692 scrupulis
729 2604 866 2670 abiectis
901 2626 940 2669 ca
966 2614 1062 2690 toque
1089 2624 1194 2668 novae
1222 2539 1373 2667 editionis

205 2685 367 2752 curandae
394 2685 546 2768 oonsilio,
569 2711 652 2775 quae
673 2687 768 2754 huius
795 2689 913 2753 aetatis
941 2627 1130 2768 desideriis,
1166 2685 1274 2772 quoad
1302 2685 1373 2748 fieri

205 2780 334 2856 posset,
370 2770 589 2849 satisfaceret,
629 2782 780 2859 prompto
821 2773 929 2836 auimo
967 2792 1050 2857 opus
1086 2791 1261 2855 aggressus
1295 2790 1373 2845 sum,

206 2852 290 2940 quod
311 2864 419 2918 tamen
440 2852 534 2919 brevi
556 2866 703 2954 tempore
725 2853 852 2921 absolvi
869 2878 935 2920 non
956 2877 1067 2941 posse,
1087 2852 1183 2918 facile
1201 2849 1374 2951 praevide·

205 2936 288 3001 bam.
315 2936 386 3001 Iam
415 2959 493 3002 vero
514 2960 598 3025 quae
626 2962 719 3004 meo
741 2939 943 3016 novaverim,
969 2939 1110 3005 breviter
1131 2934 1211 3001 milu
1233 2943 1307 3000 sunt
1327 2936 1374 2998 in·

206 3019 356 3084 dicanda.
376 3018 515 3085 Servata
537 3020 668 3109 quidem
689 3024 723 3087 in
748 3024 936 3086 uuiversum
958 3022 1105 3108 priorum
1127 3019 1304 3085 editionum
1325 3040 1374 3081 ra·

206 3105 305 3180 tione,
327 3125 425 3189 quam
447 3106 585 3190 exposui
612 3108 647 3169 in
672 3106 824 3171 editionis
852 3104 910 3170 111.
933 3105 1099 3191 prooemio
1123 3114 1297 3249 propterea
1328 3102 1375 3164 iu·

206 3187 254 3250 fra
278 3185 384 3251 denuo
406 3188 495 3272 typis
518 3190 694 3275 exscripto,
717 3188 778 3253 boe
800 3196 936 3251 estnon
950 3195 1072 3251 mutato
1095 3186 1184 3250 consi
1200 3186 1230 3249 'o
1245 3192 1376 3271 praeter

207 3292 310 3333 meam
332 3268 533 3355 singulorum
554 3270 700 3337 locorum
724 3270 976 3357 explicationem
998 3270 1096 3334 etiam
1119 3268 1267 3333 diversas
1289 3267 1377 3353 prio·

205 3375 276 3416 rum
305 3352 465 3417 editorum
500 3364 532 3419 et
561 3355 776 3440 interpretum
804 3354 980 3418 sententias
1017 3350 1067 3416 vel
1090 3351 1233 3417 breviter
1255 3352 1377 3416 exami-

206 3448 300 3500 natas
328 3434 381 3500 vel
405 3436 595 3535 simpliciter
618 3448 887 3503 commemoratas
909 3459 982 3501 curu
1003 3434 1178 3500 lectoribus
1201 3434 1377 3500 communi·

207 3518 301 3583 candi
337 3520 412 3605 qui,
440 3517 494 3584 hro
522 3523 631 3586 omnia
659 3519 793 3585 collecta
809 3520 1025 3600 invenientes,
1048 3541 1130 3603 quae
1150 3520 1215 3583 viri
1236 3517 1324 3582 docti
1343 3520 1377 3582 in

206 3601 272 3666 Ver
298 3602 351 3666 '‘o
365 3604 386 3678 ¹)
419 3601 613 3689 explicando
641 3603 797 3669 hacteuus
826 3603 1061 3689 praestiterint,
1084 3602 1168 3666 inter
1190 3603 1300 3666 varias
1329 3602 1376 3664 in·

207 3686 456 3771 terpretationes
486 3685 627 3772 eligendi
656 3688 820 3774 optionem
850 3685 1008 3751 baberent
1037 3693 1069 3749 et
1103 3682 1311 3765 docerentur,
1335 3682 1378 3748 ad

207 3790 287 3855 quos
319 3768 427 3833 fontes
455 3768 518 3833 sibi
547 3770 581 3834 in
607 3769 746 3855 aliquem
768 3768 876 3835 locum
898 3768 1082 3834 accuratius
1103 3768 1137 3831 in
1162 3768 1306 3832 uisituris
1328 3789 1378 3831 re·
1440 3779 1443 3785 “

210 3850 408 3916 currendum
430 3861 529 3934 esset,
582 3853 697 3917 rimum
716 3853 819 3936 omisi,
843 3874 926 3940 quae
948 3851 1025 3917 solis
1044 3790 1204 3915 tironibus
1232 3848 1379 3914 erudien-

125 4004 127 4017 ,
211 3932 260 3999 dis
288 3936 415 4020 scripta
438 3937 527 4000 viros
572 3947 661 4001 octos
681 3935 844 4002 offendere
866 3942 1026 4034 poterant,
1052 3937 1261 4021 (quamquam
1282 3933 1379 3997 etiam

210 4018 242 4080 in
264 4017 328 4082 hac
351 4016 494 4084 editione
515 4021 678 4085 communi
699 4021 773 4084 usui
795 4019 958 4085 destinata
976 4026 1122 4083 nontam
1137 4016 1379 4102 grammaticos,

208 4123 305 4186 quam
363 4103 448 4167 otius
481 4102 615 4168 iuvenes
641 4102 801 4168 bonarum
832 4103 1000 4168 literarum
1029 4099 1192 4166 studiosos
1221 4097 1316 4165 simul
1341 4121 1381 4163 ue

207 4205 304 4249 unum
360 4194 529 4275 terumque
557 4209 667 4252 eorum
687 4188 879 4272 magistrum
901 4207 1022 4271 magna
1052 4182 1210 4248 librorum
1241 4121 1380 4270 supele-

208 4266 281 4332 ctile
302 4290 368 4333 non
382 4269 587 4348 instructum,
603 4269 656 4335 vel
671 4271 760 4335 viros
776 4268 888 4335 doctos
904 4268 1041 4334 aliarum
1057 4275 1154 4352 atque
1175 4268 1379 4352 antiquarum

243 4522 267 4586 t)
292 4519 336 4574 Sic
360 4517 388 4573 in
416 4518 467 4575 bac
493 4519 542 4574 lv.
565 4518 630 4575 edit.
653 4535 714 4574 enm
740 4516 931 4573 recentissimis
955 4514 1103 4571 editoribus
1125 4514 1249 4569 omuibus
1275 4516 1382 4584 praeter

209 4583 371 4655 Wagnerurn
397 4590 461 4655 (uon
484 4588 526 4642 sui
550 4587 647 4655 animi,
677 4586 725 4641 sed
753 4587 963 4653 „circumspecto
978 4581 1188 4664 prudentissimi
1205 4581 1382 4661 redemptoris

209 4652 303 4732 indicio
327 4655 516 4735 obsecutum“)
538 4672 568 4711 ex
591 4656 754 4735 optimorum
774 4652 861 4708 Oodd.
883 4653 1046 4708 auctoritate
1074 4666 1171 4729 nomeu
1200 4653 1295 4720 poetae
1319 4666 1382 4704 son-

209 4722 878 4858 ttl?·,tttt'¹··u‘¹ttltult,tgtzl
891 4719 1006 4841 „tlllt
1021 4717 1384 4863 ttfbmhttmtlt

209 4857 337 4918 numus,
354 4858 464 4927 nequid
476 4858 631 4913 auctoribus
644 4857 740 4911 invitis
753 4857 901 4913 obtrusisse
915 4854 1075 4909 videremur.
1090 4850 1171 4972 quod
1181 4854 1271 4931 autem
1284 4855 1384 4929 attinet

210 4922 242 4976 sd
263 4924 432 4989 Genitivum,
458 4942 536 4995 quem
559 4926 660 4980 titulus
683 4925 711 4978 iu
734 4923 847 4992 simplex
871 4924 880 4977 i
902 4922 1015 4976 missum
1038 4919 1098 4975 exh1
1119 4922 1159 4982 et,
1183 4919 1236 4972 vid.
1258 4919 1385 4986 Wagnerr

211 4990 284 5049 crta
301 4992 382 5063 Vorg.
401 5010 427 5063 p.
445 4997 495 5047 438
512 5010 570 5063 sqq.
591 4996 619 5048 et
636 5009 704 5063 quae
721 4992 756 5046 ad
774 4994 841 5045 Aeo.
860 4991 906 5057 IX,
928 4994 982 5043 151.
1000 4986 1198 5042 adnotavimus.

1137 5071 1180 5131 ,r
