3359 5725
591 551 706 616 CIRIS
730 575 760 615 v.
784 558 967 620 334—351.
1302 559 1363 623 689

188 717 337 783 Flectere
359 716 476 782 -sed
498 719 638 805 poteris,
662 716 741 816 quid
763 718 850 782 enim
870 740 935 783 non
957 717 1054 782 unica
1075 716 1205 804 possis?
1227 755 1268 765 —

189 802 274 866 Tum
320 802 403 867 otius
426 811 536 866 tamen
556 802 629 885 ista,
652 823 707 889 pro
729 823 802 866 cum
825 802 896 865 iure
916 799 1038 883 licebit,
1314 822 1363 872 335

187 884 270 951 (lum
290 824 370 951 licii
394 908 525 951 causam
547 894 739 972 tempusque
761 882 883 950 doloris
905 883 1052 967 habebis,

186 968 271 1034 Tum
291 970 400 1056 potius
422 978 540 1035 conata
561 977 618 1034 tua
639 978 736 1056 atque
757 969 889 1055 incepta
910 969 1049 1050 referto,

186 1050 241 1115 Me
263 1075 304 1117 ue
327 1052 405 1117 deos
428 1076 470 1118 ue
492 1051 552 1118 tibi
574 1053 716 1129 comites,
738 1074 811 1117 mea
832 1050 973 1135 alumna,
994 1052 1120 1116 futuros

185 1074 361 1201 Polliceor:
384 1075 464 1202 nibil
486 1159 520 1201 es
566 1135 653 1223 quod
674 1145 768 1201 teras
789 1135 913 1218 ordine,
934 1134 1099 1220 longum.“

268 1218 331 1284 His
352 1218 409 1285 nbi
432 1218 587 1285 sollicitos
609 1220 709 1284 animi
730 1217 935 1284 relevaverat
956 1227 1066 1283 aestus
1311 1234 1361 1283 ato

186 1300 330 1367 Vocibus
353 1312 385 1367 et
405 1301 528 1368 blanda
549 1312 663 1452 pectus
685 1324 745 1390 spa
766 1303 891 1367 vicerat
914 1325 1059 1389 aegrum,

186 1384 360 1450 Paullatim
382 1385 551 1451 tremebun
576 1388 709 1472 egenis
732 1384 894 1450 obducere
915 1396 1037 1451 vestem

184 1466 332 1555 Virginis
355 1478 387 1534 et
409 1468 574 1556 placidam
594 1467 737 1535 tenebris
760 1479 894 1555 captare
917 1469 1068 1557 quietem,

184 1550 319 1617 Inverso
342 1552 489 1618 bibulum
509 1554 715 1639 restinguens
736 1550 845 1617 lumen
869 1553 965 1636 olivo,

183 1633 305 1722 Incipit
328 1635 371 1700 ad
393 1637 590 1722 crebrosque
609 1638 716 1701 insani
738 1637 881 1723 pectoris
903 1637 988 1702 ictns
1311 1656 1360 1706 345

185 1719 287 1783 Ferre
309 1742 450 1801 manum,
472 1719 619 1785 adsiduis
641 1718 786 1783 mulcens
811 1718 1005 1805 praecordia
1029 1720 1156 1805 palmis.

185 1801 319 1865 Noctem
341 1801 429 1867 illam
454 1805 500 1867 sic
522 1813 648 1867 maesta
670 1825 768 1888 super
790 1804 960 1866 morientis
981 1802 1132 1868 alumnae

184 1884 374 1971 Frigidulos
397 1885 505 1950 cubito
528 1886 669 1950 subnixa
691 1885 849 1972 pependit
870 1884 1000 1949 ocellos.

184 1968 321 2031 Postera
341 1967 397 2031 lux
420 1968 476 2032 ubi
498 1968 584 2033 laeta
604 1968 691 2032 diem
712 1967 905 2033 mortalibus
930 1967 1050 2033 almum

184 2048 228 2113 Et
249 2049 359 2134 gelida
380 2052 563 2116 venientem
583 2052 693 2137 ignem
715 2049 884 2136 quatiebat
905 2051 947 2116 ab
970 2051 1065 2134 Oeta,
1311 2074 1361 2124 aso

186 2130 290 2211 Quem
313 2134 454 2221 pavidae
476 2134 610 2200 alternis
632 2135 773 2221 fugitant
795 2144 971 2222 optantque
996 2135 1124 2222 puellae
1147 2166 1188 2177 -

185 2384 229 2452 (ci.
242 2400 267 2439 v.
280 2388 329 2438 355
342 2386 411 2454 sqq.)
429 2387 540 2439 conetur
557 2386 617 2438 ete
654 2384 764 2447 edatur,
782 2384 881 2453 quihus
898 2386 1005 2452 patrem
1022 2383 1057 2437 ad
1075 2399 1169 2454 pacem
1192 2401 1251 2439 cnm
1270 2386 1360 2443 Minoe

184 2452 328 2506 ineundam
346 2453 452 2506 flectcre
467 2452 562 2531 possit.
582 2482 614 2491 —-
691 2496 696 2506 .
715 2452 832 2518 unica,
857 2467 917 2504 cum
935 2450 973 2504 sis
991 2450 1071 2505 unica
1088 2452 1151 2505 illia.
1174 2483 1202 2491 -
1223 2451 1287 2515 333.
1306 2454 1359 2510 Pro

183 2520 437 2641 ζγιιΙξ,ν.ᾱι“ι)εἱιι,’(ιιιΙὶιῙᾰἱ
451 2520 538 2640 sopp,
557 2520 678 2582 retinnit,
699 2535 759 2572 cnm
772 2519 892 2587 Hauptio
910 2521 938 2572 et
955 2519 1150 2587 posterioribus
1171 2519 1249 2574 editt
1271 2524 1361 2592 recepi

209 2603 242 2640 ιιι
281 2605 311 2641 oc
327 2627 333 2640 .
352 2604 380 2640 ιιι
438 2604 473 2641 sc.

183 2671 244 2708 nem
263 2671 329 2717 esse,
347 2671 401 2708 non
418 2654 546 2723 Praepos.
570 2671 632 2708 cum
656 2655 708 2724 pio
727 2656 787 2707 iure
804 2654 1022 2716 construendam,
1052 2654 1131 2709 docet
1158 2657 1244 2710 oratio
1274 2657 1360 2712 altero

182 2721 873 2844 itt‘attathtitltittiitttlt’²'⁰
886 2721 966 2851 ‘ish‘
984 2722 1116 2845 133ῗὲ
1131 2723 1359 2847 33313ἰί1·

181 2858 294 2923 iustum,
316 2858 423 2927 negatis
448 2875 464 2911 a
505 2862 564 2912 atre
581 2858 691 2926 nuptiis.
712 2889 745 2897 -
764 2831 834 2919 337..
849 2830 972 2912 conatci
989 2888 1001 2899 ·
1019 2889 1030 2899 -
1049 2809 1198 2926 deserto,
1217 2834 1360 2915 consilium·

182 2926 320 2980 resecandi
338 2925 429 2995 capilli
444 2876 529 3006 pallii
547 2942 649 2993 revoca,
667 2929 767 2994 repete.
803 2926 922 2993 Referre
942 2942 991 2995 pro
1016 2932 1137 2996 repetere
1156 2927 1259 2995 legitur
1275 2930 1358 2983 etiam

181 2996 249 3048 Aen.
268 2996 300 3058 V,
320 2997 386 3056 598,
404 2995 451 3047 nbi
469 2994 522 3049 vid.
541 2993 645 3047 adnott.
665 3025 696 3033 —
714 2993 778 3054 339.
797 2994 873 3047 Nihil
892 2996 934 3048 est
951 2994 1071 3062 longum,
1091 2994 1162 3064 qnod
1181 2994 1274 3049 ordine
1291 2997 1358 3050 teri-

182 3065 229 3116 tur
256 3067 284 3116 st
313 3062 461 3131 snspritnr
490 3063 524 3116 ah
554 3060 715 3116 hominibus.
755 3061 842 3115 Silli.
869 3061 919 3115 hoc
942 3061 1032 3131 ipsum
1058 3064 1158 3115 teritur
1187 3063 1358 3118 scribendum

182 3129 345 3209 suspicatur,
364 3146 424 3184 cum
438 3129 522 3183 Codd.
535 3129 679 3183 exhibeant
691 3130 796 3182 merit.
808 3078 945 3192 liinbeck,
958 3146 1037 3199 quem
1049 3129 1168 3184 Benoist.
1182 3131 1313 3199 sequitur,
1327 3148 1358 3186 er

182 3214 250 3252 conr.
270 3197 356 3252 edidit
373 3199 464 3252 tacuit.
489 3228 513 3235 -
538 3195 604 3257 340.
627 3198 735 3250 animi
756 3206 883 3260 cestus,
901 3197 921 3250 i.
939 3214 960 3251 o.
982 3198 1199 3266 perturbationes
1217 3199 1358 3254 vehemen-

181 3265 272 3319 tiores.
313 3265 356 3320 Sic
373 3265 467 3320 Claud.
489 3265 536 3318 lv.
555 3265 635 3318 Cous.
654 3265 721 3319 Hon.
740 3269 798 3319 226.
821 3265 940 3318 incertos
962 3266 1051 3318 animi
1085 3268 1313 3320 erasmianam
1330 3271 1359 3321 et

180 3333 286 3387 Mar.'l¹
320 3333 360 3388 .1.
384 3339 405 3389 1.
426 3335 475 3387 τὸν
495 3338 584 3399 ricco
622 3332 765 3398 ῆςσάλον.
799 3332 840 3387 Cf.
862 3332 944 3386 etiam
963 3333 1025 3385 Hor.
1065 3350 1093 3412 p.
1109 3333 1132 3396 I,
1145 3337 1169 3398 2,
1183 3336 1206 3389 8.
1229 3333 1265 3397 Π,
1279 3338 1303 3402 2,
1315 3340 1357 3388 47.

180 3400 260 3455 Lucr.
305 3440 312 3464 ,
334 3405 405 3455 1134.
423 3405 473 3455 etc.
494 3432 522 3440 -
547 3417 583 3453 ao
622 3399 735 3465 icitoa,
760 3399 882 3468 epitheto
902 3400 937 3453 ab
956 3400 1358 3470 animo1psoadeinsaestua

180 3467 322 3522 translato.
373 3467 435 3528 341.
446 3475 566 3537 pectas
579 3484 726 3536 capram,
741 3469 857 3538 pectoris
870 3485 893 3520 s.
903 3469 986 3521 animi
997 3469 1203 3539 aegritudinem.
1219 3502 1243 3509 -
1257 3470 1286 3524 V.
1298 3470 1356 3531 342

180 3552 239 3606 sqq.
260 3536 345 3604 Sillig.
365 3536 482 3590 mutavit
499 3535 636 3604 vulgarem
655 3536 866 3602 distinctionem,
886 3536 990 3590 Puncto
1014 3540 1075 3606 post
1092 3552 1149 3591 voc.
1175 3538 1249 3591 olivo
1288 3538 1357 3591 osito

180 3619 229 3671 pro
247 3604 317 3673 vulg.
332 3604 481 3670 Commate,
501 3606 532 3656 ut
552 3604 685 3657 obducere
702 3609 730 3658 et
748 3613 863 3674 capture
880 3604 937 3657 sint
953 3603 1083 3658 Infinitivi
1096 3605 1225 3659 historici.
1278 3609 1352 3675 aupt.

179 3677 273 3725 tamen
291 3674 319 3725 et
354 3672 497 3725 osteriores
509 3671 635 3740 editores,
649 3687 714 3742 quos
728 3672 875 3741 sequimur,
887 3671 978 3742 potius
990 3689 1051 3727 cum
1063 3673 1162 3726 Bothio
1174 3673 1233 3727 voci
1245 3676 1356 3728 cretrm

178 3738 312 3818 adiiciunt
329 3690 461 3808 depulam
479 3757 538 3808 qac,
558 3742 590 3792 nt
608 3740 674 3794 haec
692 3741 782 3794 omnia
794 3744 868 3794 arcte
880 3741 1048 3795 cohaereant.
1062 3771 1094 3782 -
1112 3739 1178 3802 343.
1198 3749 1354 3811 capture,

179 3806 237 3860 scil.
250 3807 456 3876 scyllacium
468 3807 584 3877 puellam
603 3809 644 3861 ori
660 3808 777 3863 obducta
795 3812 871 3862 veste
890 3808 924 3861 ad
943 3824 1065 3862 somnum
1084 3809 1227 3877 componit.
1239 3839 1271 3845 ·-
1290 3807 1354 3868 344.

179 3875 327 3928 bibulam
343 3875 457 3928 lamen.
477 3875 535 3929 Vid.
554 3876 588 3928 ad
606 3878 672 3929 rien.
684 3876 732 3939 Vl,
748 3879 805 3929 227.
818 3907 850 3914 —
869 3874 934 3935 347.
952 3877 1142 3941 morientia,
1161 3875 1177 3929 i.
1192 3891 1213 3929 e.
1232 3875 1288 3928 fere
1300 3892 1356 3928 mo·

179 3941 284 4008 rientis,
315 3943 397 3996 morti
414 3943 556 4011 proximae,
574 3947 646 3997 recte
666 3945 759 3997 contra
777 3943 901 3996 Virorum
927 3942 998 3996 doct.
1023 3943 1191 3996 coniecturas
1213 3941 1320 3996 defendi
1339 3959 1356 3997 a

178 4010 334 4064 Burmanno
344 4009 379 4063 ad
392 4009 470 4078 Prop.
485 4025 510 4077 p.
528 4013 592 4072 108,
605 4013 699 4064 auctor
711 4012 753 4064 cst
765 4009 824 4064 Silii
846 4054 852 4062 .
872 4009 961 4062 Etiam
974 4009 1284 4063 Paulinianum.
1297 4014 1353 4064 1⁸2.

179 4081 239 4160 267..
251 4085 291 4142 (et
303 4081 360 4132 225.
374 4094 440 4169 ,voc
454 4076 595 4131 mors'entsb
606 4078 663 4158 iure
673 4081 775 4131 tuetur.
789 4027 901 4137 —t'm
915 4077 1110 4197 stupidatos
1129 4077 1271 4131 ocellos.
1291 4078 1353 4132 Vid.

454 4141 565 4265 ...a
581 4213 812 4292 ...ι
997 4143 1352 4207 ³⁶⁰

180 4278 225 4348 (ad
240 4281 308 4334 Oeta
327 4281 515 4346 referendum),
535 4279 607 4348 quod
624 4279 711 4350 Sillrg.
730 4282 802 4333 recte
820 4281 950 4341 reststmt,
970 4294 1016 4347 qur
1029 4280 1110 4333 simul
1128 4297 1175 4349 pro
1193 4280 1232 4332 Et
1250 4296 1264 4333 e
1283 4281 1352 4336 coni.

179 4348 289 4417 scripsit
311 4348 394 4413 Prae,
425 4351 456 4402 ut
482 4347 663 4418 praeveniens
687 4364 734 4417 per
752 4347 850 4401 tmesin
871 4347 909 4400 sit
926 4347 1091 4401 disiunctum
1110 4348 1182 4413 (coll.
1202 4347 1258 4402 Ecl.
1279 4347 1352 4410 VIII,

180 4418 231 4484 16.)
251 4419 279 4470 et
291 4417 375 4471 Codd.
385 4416 528 4471 lectionem
540 4416 617 4477 mati,
630 4416 706 4469 cuius
720 4416 777 4468 loco
791 4413 923 4469 editiones
935 4419 1049 4484 occupat
1058 4417 1179 4485 ineptum
1189 4414 1256 4468 illud
1268 4417 1352 4478 maai,

177 4485 296 4538 mutavit
312 4485 339 4537 in
357 4485 465 4538 materis
477 4481 549 4559 (coll,
563 4486 630 4538 Aen.
648 4483 695 4545 XI,
715 4486 791 4548 182).
818 4483 876 4537 Hac
888 4483 972 4552 IgItur
982 4483 1117 4564 scriptura
1128 4484 1243 4553 probata
1260 4486 1353 4551 (qnam

176 4554 261 4605 etiam
279 4552 356 4606 Phtz.
376 4552 431 4606 11.
449 4550 631 4619 amplectitur,
651 4567 760 4606 servans
779 4550 859 4604 modo
877 4550 960 4604 Codd.
982 4551 1123 4605 lectionem
1140 4552 1179 4603 Et
1194 4551 1302 4619 polida,
1321 4552 1353 4603 ut

176 4620 325 4689 iungantur
337 4621 418 4674 verba
427 4619 474 4672 tua
487 4621 560 4673 laeta
573 4627 597 4673 ct
610 4621 728 4686 venien)
740 4619 821 4673 verba
833 4618 873 4672 sic
885 4621 1021 4673 construe:
1036 4619 1086 4674 Ubi
1102 4622 1209 4688 postera
1220 4616 1352 4696 lux-laeta

196 4689 350 4743 raeveuiens
368 4688 440 4742 diem
468 4687 573 4742 miseris
601 4688 761 4743 mortalibus
790 4686 893 4740 almum
923 4687 957 4742 ab
986 4686 1054 4740 Oeta
1083 4686 1174 4756 gelida
1202 4685 1350 4755 quatiebat.

203 4771 255 4811 nnc
285 4759 377 4811 tamen
409 4772 471 4810 cum
500 4757 693 4813 recentioribus
726 4754 874 4809 editoribus
908 4754 995 4823 recepi
1024 4754 1138 4823 Hauptii
1170 4753 1351 4807 coniecturam

174 4825 323 4878 meantem
339 4825 435 4894 ipram,
454 4839 522 4892 quae
540 4842 557 4878 a
575 4825 658 4879 Oodd.
676 4824 791 4878 lectione
802 4823 924 4875 veniente
940 4823 1010 4876 ccidi
1019 4823 1060 4875 vel
1074 4821 1159 4875 michi
1169 4837 1220 4874 non
1234 4821 1350 4874 multum

159 4892 285 4956 ,recedIt
305 4925 336 4931 --
355 4892 544 4962 quatiebat.
582 4893 641 4947 Vid.
671 4893 705 4947 ad
727 4891 786 4945 Cui.
812 4906 834 4943 V.
859 4894 898 4943 42,
921 4921 954 4928 -
972 4893 1010 4943 ct
1027 4890 1115 4944 Oeta.
1152 4889 1210 4943 Vid.
1234 4890 1267 4944 ad
1294 4889 1349 4945 lici.

175 4959 251 5024 VIII,
271 4964 313 5015 30.
335 4963 363 5015 et
381 4961 439 5016 Cul.
458 4976 484 5013 v.
502 4963 561 5015 202.
581 4961 639 5017 coll.
671 4959 770 5014 Catuli.
788 4957 874 5019 LXII,
894 4962 916 5010 7.
935 4960 962 5011 et
978 4955 1084 5010 Gallim.
1112 4957 1203 5013 Hecat.
1224 4958 1256 5012 tr.
1276 4960 1351 5013 tta

238 5055 353 5096 venatu.
375 5056 447 5095 rsus
466 5055 512 5094 111.
535 5055 578 5093 sn.
601 5055 632 5092 tv
1108 5040 1141 5089 tt

538 2603 574 2641 ss.
591 2587 609 2640 l.
629 2586 647 2640 l.
666 2586 848 2640 coniecturam
869 2588 929 2640 ista.
949 2618 983 2625 -
1000 2604 1070 2640 cam
1090 2586 1170 2656 (quod
1188 2587 1359 2644 Coniunctis·
