3359 5725
321 598 382 658 696
723 579 837 645 Clitis
861 601 890 641 v.
914 579 1096 643 tlt-458.

321 757 418 821 Mene
441 753 523 818 alias
546 753 630 815 iuter
651 746 849 814 famularum
874 763 1008 809 munere
1029 742 1087 807 fun
1113 743 1121 757 '

324 839 483 923 Coniugis
506 844 605 923 atque
626 842 711 915 tuae,
734 847 959 975 quaecumqpe
983 826 1045 891 erit
1067 826 1075 840 '
1102 848 1132 908 a,
1153 826 1274 894 beatae
1467 842 1511 893 ⁴4⁵

322 925 397 989 Non
416 920 508 986 licuit
551 916 684 982 ravidos
706 935 808 1015 penso
831 911 1006 976 devovere
1026 909 1140 974 fusos?

323 1008 370 1072 At
389 1003 469 1070 belli
490 941 605 1067 saltem
628 1008 794 1086 captivam
815 995 847 1061 le
872 992 1076 1059 enecasses!

324 1090 395 1155 Iam
417 1088 525 1153 fessae
547 1082 679 1149 tandem
700 1083 830 1167 fugiunt
848 1018 894 1143 de
916 1097 1054 1163 corpore
1075 1078 1163 1141 vires

325 1174 369 1238 Et
392 1178 490 1257 caput
511 1166 635 1233 inflexa
655 1165 778 1231 lentum
803 1162 932 1227 cervice
954 1157 1124 1257 recumbit,
1148 1243 1155 1258 ι

324 1255 512 1320 Marmorea
535 1249 686 1315 adductis
707 1247 881 1313 tabescunt
902 1241 1059 1309 bracchia
1080 1242 1185 1308 nodis.

325 1339 518 1485 Aepuoreae
540 1334 671 1422 pristes,
692 1331 836 1396 inmania
859 1348 1000 1415 corpora
1022 1328 1123 1412 ponti,

326 1421 379 1487 Un
406 1422 479 1508 ique
502 1418 698 1484 conveniunt
719 1425 751 1480 et
771 1413 889 1500 glauco
910 1413 942 1475 in
964 1410 1093 1508 gurgite
1117 1410 1240 1507 circum

325 1502 473 1569 Verbere
493 1499 673 1568 caudarum
697 1507 795 1585 atque
818 1497 885 1561 oris
906 1495 1098 1559 minitantur
1119 1492 1218 1558 hratia

326 1588 397 1653 Iam
419 1584 551 1650 tandem
574 1603 669 1647 casus
691 1581 868 1661 hominum,
889 1579 955 1642 iam
977 1577 1105 1664 respice
1137 1576 1266 1644 Minos!

328 1671 378 1736 Sit
400 1670 479 1735 satis
500 1666 571 1746 hoc,
593 1675 719 1731 tantum
740 1663 884 1750 Scyllam
907 1626 1223 1759 vidissetmnlorum
1464 1682 1506 1732 455

327 1752 389 1818 Vel
409 1754 477 1834 fato
499 1751 597 1815 fuerit
617 1748 711 1815 nobis
729 1747 811 1814 haec
832 1746 944 1811 debita
966 1753 1078 1831 pestis,

327 1835 388 1901 Vel
409 1856 488 1900 casu
509 1835 643 1913 incerto,
666 1833 784 1897 merita
805 1829 858 1895 'vel
879 1828 1018 1914 denique
1041 1825 1092 1891 cul
1118 1849 1155 1890 a:

328 1918 449 1985 Omnia
469 1941 545 1983 nam
567 1918 675 2004 potius
700 1937 798 2002 quam
820 1923 853 1978 te
872 1912 989 1977 iecisse
1012 1849 1167 1996 putabo.“

329 2106 538 2114 -—.-—-.—.-.

327 2218 421 2285 land).
441 2245 467 2256 ··
492 2216 581 2287 Vulgo
601 2216 684 2270 Meae
713 2216 785 2269 iater
813 2214 925 2268 conates
953 2214 1172 2283 coadunarem
1201 2221 1339 2271 cataras.
1376 2216 1430 2272 Sed
1453 2233 1504 2271 eun

327 2304 380 2341 non
407 2288 547 2365 appareat,
577 2284 641 2355 quid
659 2283 712 2339 sibi
729 2282 815 2338 uelint
832 2284 944 2337 comites
963 2285 1020 2336 tam
1038 2281 1109 2335 nude
1126 2281 1208 2351 positi
1227 2282 1307 2337 iuxta
1324 2285 1454 2348 armillas
1480 2287 1503 2337 et

329 2370 398 2425 qnae
416 2356 472 2407 srnt
490 2352 565 2407 aliae
582 2352 742 2407 ancillarum
760 2353 892 2411 catervae,
917 2350 1004 2429 Sillig
1023 2366 1037 2404 e
1055 2349 1137 2404 Codd.
1157 2350 1258 2420 recepit
1274 2360 1382 2407 matres
1400 2383 1410 2393 -
1428 2382 1440 2392 ·
1455 2370 1503 2404 no·

327 2424 407 2485 ritas,
431 2424 459 2475 et
475 2420 695 2491 ancillarumque
712 2437 744 2475 ex
761 2419 828 2473 coni.
847 2418 965 2472 mutavit
982 2434 1009 2471 m
1028 2417 1237 2487 cremarem,
1270 2422 1305 2473 nt
1322 2419 1392 2475 baec
1410 2424 1503 2475 sentes

329 2490 370 2543 tia
398 2489 563 2544 efficeretur:
592 2488 686 2542 Nonne
715 2487 793 2541 licuit
821 2503 864 2540 me
887 2486 959 2541 inter
981 2485 1049 2539 alias
1067 2485 1209 2540 ancillares
1228 2488 1333 2541 matres
1352 2493 1382 2542 et
1401 2490 1503 2542 manin

329 2573 439 2612 munere
463 2556 626 2612 famularum
655 2556 754 2626 iungi?
792 2554 936 2620 Quaeritur
966 2557 1057 2607 autem
1076 2553 1202 2623 primam,
1235 2570 1284 2608 cnr
1303 2555 1399 2625 Scylla
1416 2560 1502 2625 nuptas

329 2628 437 2680 tantum
467 2624 580 2680 ancillas
610 2625 808 2690 commemoret,
840 2621 935 2676 deinde
963 2637 1011 2675 cur
1035 2627 1136 2675 matres
1158 2624 1187 2674 et
1206 2620 1323 2676 maritas
1341 2621 1503 2694 distinguat?

328 2692 404 2759 Quae
422 2691 494 2746 enim
512 2692 598 2761 Sillig.
618 2692 708 2746 addit:
742 2698 843 2745 matres
859 2691 892 2743 ob
911 2689 936 2743 d'
977 2689 1072 2742 itatem
1092 2705 1109 2742 a
1127 2688 1218 2757 Scylla
1237 2690 1385 2759 appellari,
1406 2690 1501 2762 opposi-

328 2765 392 2814 tara
418 2775 463 2813 eas
481 2760 533 2813 sibi
551 2759 666 2829 puellae,
685 2762 714 2839 et
735 2760 811 2813 alias
827 2774 876 2828 per
902 2774 930 2811 re
950 2756 1108 2810 audentiam
1128 2755 1203 2810 iilam
1223 2773 1283 2811 esse
1302 2758 1451 2824 adiectum,
1477 2757 1502 2809 de

329 2827 778 2965 sustris-erratura
793 2824 1089 2975 tartarus
1103 2824 1169 2946 tr
1182 2824 1278 2947 ru
1291 2829 1503 2975 struat

329 2968 364 3028 et
384 2964 552 3085 supinitatis
569 2963 620 3018 sibi
639 2966 746 3032 ereptae
764 2979 881 3025 consors,
911 2977 964 3014 nou
982 2977 1036 3040 nrsr
1053 2963 1124 3014 mter
1142 2964 1257 3015 maritas
1275 2963 1330 3018 srbr
1348 2963 1438 3018 locum
1454 2978 1503 3017 esse

348 3034 447 3086 utare.
482 3034 604 3102 Apparet
632 3032 724 3100 igitur,
753 3030 854 3100 Silligii
878 3028 1091 3084 emendationem
1109 3043 1162 3081 non
1181 3044 1264 3099 snpra
1282 3047 1393 3086 omnem
1409 3031 1503 3086 dubita

329 3051 431 3154 liorem
443 3115 501 3154 esse
514 3099 639 3170 positam.
664 3099 825 3153 Adsentitnr
837 3097 902 3151 mihi
921 3096 996 3150 Puta.
1009 3096 1026 3149 l.
1039 3096 1055 3151 1.
1074 3097 1102 3151 et
1114 3096 1189 3165 rnlg.
1204 3095 1352 3152 lectionem
1370 3100 1410 3155 sia
1423 3099 1503 3154 detes

329 3167 385 3222 dit:
404 3168 509 3234 „Distin
532 3167 572 3221 uit
589 3169 670 3236 poeta
687 3167 740 3222 duo
759 3181 858 3236 genera
875 3181 1011 3218 servarum
1032 3182 1053 3217 s.
1069 3164 1239 3228 ancillarum,
1260 3182 1379 3235 qnorum
1397 3168 1502 3222 alterurn

330 3235 442 3289 comites
455 3235 489 3289 ad
510 3252 524 3289 e
562 3238 583 3298 t,
603 3235 665 3315 qnia
679 3235 838 3289 comitatum
851 3232 975 3287 dominae
990 3231 1120 3300 efficiunt,
1138 3232 1256 3287 alterurn
1269 3236 1394 3290 anemos
1406 3234 1504 3305 proprio

331 3318 409 3357 seusu
427 3253 557 3424 adpellst,
577 3319 639 3372 qma
656 3302 780 3383 inferiore
798 3302 856 3355 loeo
874 3300 977 3380 positae
1001 3298 1161 3380 domesticis⁸
1179 3300 1298 3355 servitiis
1330 3304 1504 3369 (sonulam

330 3370 752 3492 tuttelstet-titt
772 3368 1504 3492 tttt‘ttttslqtdtltt‘zttm‘rt

330 3506 493 3575 posteriores
507 3522 521 3559 e
542 3506 623 3558 iteres
631 3505 659 3559 Si
683 3505 689 3518 '
712 3505 730 3558 'i
741 3504 810 3560 coni.
823 3508 992 3573 receperunt,
1005 3520 1065 3557 eum
1080 3520 1144 3558 sane
1156 3503 1240 3557 Codd.
1255 3505 1376 3560 Helmst
1389 3510 1418 3560 et
1466 3504 1504 3558 hd.

331 3572 466 3626 aneillrrri
481 3572 633 3627 exhibeant.
646 3603 679 3611 —
752 3578 887 3641 ‚scarae
906 3574 946 3626 de
963 3588 1108 3640 corpore
1119 3572 1209 3625 vires
1220 3587 1267 3641 per
1276 3572 1466 3637 inversionem,
1477 3572 1504 3625 de

349 3638 557 3703 nadirimusad
574 3657 598 3692 r.
621 3643 685 3707 198„
703 3657 750 3709 pro
769 3643 846 3706 fesso
864 3642 899 3692 de
916 3656 1034 3709 corpore
1050 3639 1131 3700 sires,
1149 3655 1313 3709 quamquam
1325 3642 1409 3696 etiam
1428 3644 1506 3709 senae

331 3658 472 3761 denirium
492 3723 550 3760 esse
567 3709 658 3776 potest
674 3724 691 3761 a
709 3724 827 3778 corpore
844 3706 971 3776 pendens.
1012 3708 1095 3774 fleyn.
1119 3710 1211 3761 tamen
1238 3708 1326 3761 voluit
1347 3711 1432 3779 fesso,
1453 3707 1506 3763 ooli

332 3773 432 3830 Catuli.
446 3774 540 3841 LXIV,
558 3777 615 3828 189.
633 3804 667 3813 -
684 3774 753 3836 451).
770 3775 965 3829 Marmorea
983 3775 1154 3830 bracchia.
1190 3774 1250 3828 Vid.
1269 3793 1301 3829 su
1322 3793 1355 3831 ra
1372 3778 1406 3831 ad
1420 3794 1443 3831 r.
1455 3781 1505 3831 2⁵⁶,

333 3873 365 3881 ἡ
377 3842 546 3898 adductis.
567 3842 656 3912 Vulgo
664 3843 861 3912 ardoresque·
880 3842 926 3896 sed
939 3842 1067 3922 Copulam
1078 3842 1166 3912 Sillig.
1181 3859 1292 3896 suornm
1364 3844 1506 3900 donatori

332 3912 417 3965 tatem
436 3912 546 3965 secutus
564 3910 663 3965 omisit.
685 3940 711 3948 ω
732 3912 909 3979 tabescant
926 3910 1013 3980 Sillrg.
1030 3909 1117 3964 edidit
1144 3927 1175 3964 er
1192 3910 1337 3965 Schraderi
1356 3913 1435 3979 coni,
1453 3929 1505 3966 run

332 3978 416 4033 Codd.
429 3979 569 4033 labarent
581 3979 736 4048 praebeant.
764 3978 855 4048 Vulgo
864 3980 1016 4032 marcant.
1044 3977 1086 4031 Cf.
1100 3978 1182 4033 etiam
1195 3994 1263 4049 qnae
1276 3978 1310 4032 de
1320 3979 1346 4032 h.
1359 3981 1377 4034 l.
1391 3981 1507 4051 disputat

332 4046 499 4101 Doederlein.
520 4046 621 4116 Syron.
633 4066 659 4102 a.
674 4045 764 4116 Etpm.
777 4046 798 4101 I.
811 4064 836 4116 p.
853 4050 900 4099 132
912 4061 951 4115 sq.
967 4077 994 4085 -·
1009 4044 1072 4107 451.
1082 4047 1213 4116 pristas
1225 4045 1314 4116 Sillig.
1331 4064 1393 4102 cunr
1406 4048 1507 4102 Heinsio

332 4132 346 4167 s
365 4115 429 4168 Cod.
444 4114 559 4168 Helmst.
579 4130 641 4168 am.
661 4130 712 4168 seo.
727 4114 858 4175 restitnit,
878 4114 940 4168 coll.
954 4114 1018 4168 Aen.
1032 4113 1083 4178 111,
1097 4117 1154 4168 427.
1169 4118 1197 4168 et
1210 4114 1329 4169 Gronov.
1344 4117 1424 4171 (ibes.
1438 4117 1460 4177 1.
1475 4119 1507 4167 17.

332 4198 356 4250 p.
369 4186 432 4250 142,
445 4198 608 4252 quamquam
618 4182 734 4237 fortasse
743 4183 831 4236 verius
846 4198 904 4236 esse
916 4185 1007 4235 censet
1015 4182 1156 4251 Aapaorer'
1163 4183 1266 4252 prestes
1284 4198 1346 4235 cnm
1358 4183 1423 4237 cod.
1431 4181 1506 4237 Rebd

332 4249 458 4303 exhibeat
477 4251 617 4328 aequorei
631 4252 731 4321 pisces.
767 4250 857 4319 Vulgo
875 4251 1036 4318 Aeqssoreae
1051 4258 1196 4328 pata-7
1219 4222 1285 4311 454.
1314 4250 1406 4320 Sillig.
1424 4252 1507 4319 pust

331 4318 440 4385 poetam
460 4316 548 4371 dicere
566 4318 644 4381 velle,
663 4334 814 4387 ,‚quemque
832 4333 933 4380 eornm,
956 4332 1023 4385 qnae
1041 4317 1093 4369 srbr
1111 4317 1163 4386 ipsr
1180 4317 1304 4372 accidere
1322 4324 1442 4390 possent,
1462 4334 1509 4372 ne

332 4399 433 4438 morem
453 4401 511 4439 esse
530 4385 635 4453 debere,
666 4385 737 4439 unde
756 4388 964 4449 commoveatur,
997 4387 1027 4438 nt
1046 4385 1214 4438 adversarios
1232 4402 1297 4439 scos
1315 4386 1412 4447 lenius.
1435 4401 1507 4466 qnam

332 4454 413 4505 antea
431 4451 562 4518 voluerat,
584 4456 713 4507 tractet.“
732 4482 765 4492 —
783 4452 850 4514 451).
881 4451 970 4520 Vulgo
986 4452 1106 4519 solam,
1136 4452 1195 4507 scil.
1214 4471 1262 4517 me,
1283 4471 1326 4509 me
1343 4472 1427 4509 unam
1445 4459 1509 4508 inter

333 4535 425 4574 omnes
462 4519 547 4574 cellas
562 4543 568 4585 ;
586 4537 732 4591 numquam
750 4520 832 4575 aliam
845 4520 963 4589 puellam
976 4523 1113 4589 expertam
1126 4536 1185 4574 esse
1196 4521 1301 4575 maiora
1313 4523 1403 4587 mals;
1422 4539 1509 4603 qnan-

351 4603 411 4640 uam
457 4591 509 4641 itta.
531 4589 549 4641 1.
569 4590 586 4642 l.
607 4592 748 4652 memorat,
767 4589 850 4642 etism
879 4587 1005 4656 explicari
1023 4604 1119 4669 posse:
1148 4590 1182 4644 ab
1201 4588 1328 4644 omnibns
1348 4590 1507 4646 derchotsrn.

358 4672 388 4707 os
420 4657 510 4710 tamen
541 4672 615 4710 nuno
641 4673 702 4710 cum
727 4656 920 4710 recentioribus
938 4654 1086 4710 editoribus
1104 4654 1210 4710 felicem
1229 4658 1385 4728 recepimus
1404 4659 1462 4713 Han
1481 4655 1508 4709 tii

332 4723 398 4776 coni.
421 4724 553 4793 Scyllam.
577 4755 602 4762 -
630 4722 697 4786 457.
729 4724 876 4785 incerto,
909 4722 1043 4792 Scaligero
1066 4726 1095 4777 et
1118 4724 1222 4792 Heynio
1244 4727 1406 4782 suasoribus
1478 4725 1509 4774 '-

332 4788 417 4868 edidit
445 4807 493 4859 pro
523 4792 598 4912 vulp3
616 4792 734 4860 incepto,
765 4790 1025 4846 coll.0n1.v.roo.
1062 4790 1102 4846 Cf.
1121 4791 1206 4845 etiam
1224 4809 1310 4863 snpra
1329 4811 1355 4850 v.
1373 4799 1441 4859 337„
1468 4791 1507 4846 n'

332 4873 377 4910 mo
412 4865 441 4911 ta
458 4859 486 4913 in
505 4874 580 4913 omm
599 4875 631 4913 us
643 4858 727 4914 codd.
741 4861 770 4913 et
783 4859 908 4928 plurimis
922 4861 988 4915 vett.
1002 4858 1079 4914 editt.
1095 4859 1122 4912 in
1135 4860 1373 4933 immersisset,
1389 4866 1418 4920 et
1429 4858 1508 4918 Beati

331 4922 366 4975 ad
412 4941 450 4979 or.
470 4926 552 4995 lipod.
574 4927 634 4994 vn,
655 4930 695 4982 1³.
720 4929 748 4993 (a
766 4926 861 4981 Ptttnio
883 4927 977 4991 laud).
997 4957 1028 4966 —
1051 4926 1116 4989 458.
1147 4927 1262 4983 Prseter
1282 4931 1342 4986 tres
1364 4948 1459 4988 causas
1475 4930 1510 4982 in·

330 4987 443 5046 fortunii
459 4994 514 5048 mei
532 4996 612 5050 modo
630 4997 862 5061 commemoratas,
882 4995 924 5052 vel
941 4995 1037 5063 fatum,
1056 4995 1098 5049 vel
1115 5011 1217 5060 enum,
1238 4999 1283 5053 rel
1302 5001 1414 5074 culpam
1433 5012 1509 5056 mean
