3359 5725
570 577 723 645 OULEX
745 601 774 645 v.
797 580 971 649 trs-241.

178 742 332 808 Praemia
354 753 428 809 sunt
449 745 582 832 pietatis
603 743 672 828 ubi,
694 745 826 832 pietatis
846 743 1011 811 honores?

177 825 216 891 In
237 848 341 892 vanas
363 826 474 892 abiere
495 830 583 893 vices
604 837 637 893 et
657 851 733 893 rure
754 829 901 893 recessit¹

178 909 307 973 Iustitia
329 919 361 974 et
379 911 472 997 prior
493 910 550 976 illa
569 910 661 976 fides.
703 912 864 976 Instantis
884 911 950 976 vici

176 991 331 1074 Alterius,
354 994 424 1058 sine
446 1004 596 1082 respectu
616 1016 689 1059 mea
709 995 778 1060 fata
797 994 982 1079 relinquens
1026 1020 1028 1025 ·

178 1074 231 1139 Ad
254 1074 376 1161 pariles
399 1100 480 1163 agor
502 1088 653 1159 eventus3
675 1077 711 1141 fit
758 1100 840 1143 oens
861 1079 1009 1161 merenti,

176 1157 289 1222 Poena
311 1159 353 1223 sit
375 1162 519 1238 exitium,
541 1159 637 1225 modo
658 1161 701 1225 sit
723 1100 800 1225 ellim
822 1170 919 1246 grata
938 1161 1099 1241 voluntas,

177 1240 328 1306 Exsistst
349 1265 410 1328 par
433 1243 582 1309 officium.
626 1244 731 1309 Feror
752 1246 829 1308 avia
852 1266 1001 1330 carpens,

176 1324 263 1388 Avia
284 1323 478 1391 Cimmerios
499 1327 584 1392 inter
606 1326 761 1391 distantia
783 1327 884 1408 lucos,

178 1405 283 1486 Quem
306 1409 394 1473 circs
414 1411 524 1474 tristes
546 1407 721 1474 densentur
742 1412 776 1474 in
798 1412 908 1475 omnia
930 1411 1072 1497 poenae!

177 1489 261 1554 Nam
282 1491 410 1556 vinctus
434 1491 525 1557 sedet
546 1494 686 1557 inmanis
709 1491 914 1591 serpentibus
938 1493 1029 1574 Otos,

175 1572 374 1638 Devinctnm
396 1585 538 1640 maestus
559 1574 674 1662 procul
696 1577 858 1662 aspiciens
877 1575 1064 1663 Ephialten,

178 1654 297 1721 Consti
320 1657 483 1744 quondam
505 1680 579 1722 cum
601 1660 667 1722 sint
687 1658 874 1723 rescindere
895 1658 1067 1742 mundum,

175 1738 221 1803 Et
240 1738 367 1825 Tityos,
389 1740 527 1822 Latona,
547 1752 623 1806 tuae
645 1763 768 1807 memor
792 1744 909 1807 anxius
930 1744 1001 1807 irae
1021 1779 1064 1790 —

174 1820 388 1908 Inplacabilis
409 1825 461 1888 ira
478 1824 575 1889 nimis
595 1861 637 1871 -
657 1826 744 1889 iacet
765 1824 852 1890 alitis
874 1848 962 1891 esca.

176 1905 318 1969 Terreor
340 1904 399 1969 ah!
419 1908 518 1972 tantis
540 1908 702 1989 insistere,
725 1917 859 1990 terreor,
882 1909 1021 1974 umbris!

173 1986 228 2051 Ad
251 1987 384 2074 Stygias
404 1999 576 2055 revocatus
598 2012 699 2076 aquas
721 1991 779 2055 vix
801 1990 936 2056 ultimus
959 1993 1047 2056 amni

174 2070 286 2147 Extat,
309 2082 478 2137 nectareas
499 2068 610 2138 divum
634 2076 689 2161 qui
711 2074 859 2160 prodidit
880 2096 982 2156 escas,

118 2385 122 2391 .
172 2337 208 2391 sb
226 2336 314 2391 officio
331 2338 404 2406 grati
416 2338 526 2393 animi.“
561 2338 614 2392 sni
633 2339 712 2394 aliter
728 2338 800 2393 hunc
819 2339 909 2394 locum
922 2338 1042 2409 capiunt.
1055 2368 1089 2378 —
1100 2334 1167 2400 221>
1178 2338 1268 2408 Vulgo
1280 2339 1355 2394 locus

172 2403 263 2458 iuiiius
280 2410 352 2460 recte
370 2406 409 2460 sic
422 2405 616 2476 distinguitur:
634 2435 646 2449 ·
657 2437 668 2448 -
679 2408 792 2478 pietatis
809 2407 877 2459 coir
894 2407 1013 2460 Pietatis
1024 2407 1143 2483 horrores
1155 2406 1189 2459 In
1200 2425 1289 2484 parius
1302 2409 1353 2462 eto.

171 2472 299 2541 Scaliger.
314 2478 413 2554 censet,
433 2474 587 2528 concinnius
601 2474 672 2529 fore:
690 2475 824 2528 Praemia
835 2474 886 2527 ehi
893 2474 1028 2554 pretatis!
1042 2474 1091 2552 aba·
1103 2480 1218 2542 pietates
1229 2474 1354 2530 tonores.

120 2643 122 2645 .
171 2539 301 2662 illilus?
317 2541 376 2663 tl
392 2540 1356 2678 iussu..uss-..33⁷1memeascisset

174 2676 337 2756 posteriores
355 2649 478 2731 editores.
497 2707 531 2717 -
557 2627 746 2757 histriatis,
765 2627 823 2732 icil.
841 2678 914 2757 fiete,
933 2647 1057 2755 quodsi
1074 2676 1354 2758 seqq3snpplepdum.

171 2773 204 2782 —
231 2743 289 2823 Pro·
307 2745 370 2798 esdr*
390 2760 450 2798 cuin
469 2745 572 2813 Haupt.
592 2748 620 2799 et
644 2747 740 2824 ceteris
761 2744 953 2799 recentioribus
972 2743 1050 2799 editt.
1070 2759 1219 2866 recepimus
1237 2763 1306 2825 oses.
1321 2775 1355 2784 -

170 2808 238 2874 228.
256 2828 332 2865 asse
348 2820 516 2883 respecta,
535 2828 587 2866 non
606 2828 762 2881 respiciens,
781 2828 834 2867 uon
854 2828 958 2868 cursus.
990 2844 1021 2851 —
1046 2809 1112 2874 229.
1147 2827 1226 2893 psum
1243 2815 1354 2867 exitium

171 2879 309 2949 patienter
324 2880 420 2960 leram,
440 2880 586 2935 dummodo
603 2880 671 2933 mihi
688 2883 748 2961 tuin
766 2880 857 2949 gratia
875 2881 1008 2935 referatur
1026 2883 1054 2934 et
1071 2896 1121 2949 par
1138 2879 1256 2934 officinm
1275 2897 1355 2959 prae·

171 2948 569 3093 ffiuzugisllpg.qpppobpgm
576 2948 861 3095 ‚iiiimliniiliriitiinuiiio
873 2949 1355 3095 vcilndoiiidn‘diiiiilnddidnc‘diliivuiii

171 3081 307 3151 excipiens
327 3082 507 3137 conditionem
526 3083 636 3162 indicet,
655 3099 709 3152 qna
729 3084 790 3163 quis
808 3083 986 3162 aliqmdtieri
1004 3082 1078 3162 velit,
1098 3082 1157 3137 coll.
1187 3082 1301 3136 Tursell.
1321 3081 1354 3136 do

171 3149 262 3230 Partt.
280 3168 306 3220 p.
325 3153 384 3231 889.
418 3150 471 3206 Sed
491 3167 552 3204 cum
570 3151 649 3204 huius
667 3167 794 3205 carminis
823 3153 928 3229 auctori
948 3150 1162 3228 omnisomnis
1180 3150 1355 3230 condonanda

170 3222 344 3339 s‘llltlilm
356 3216 1356 3340 s.stitutuslutt.⁰ttt.lt¹¹tisili.titus‘ti

171 3356 231 3408 230.
248 3330 355 3432 spurios
373 3302 471 3408 celise't.
491 3383 524 3392 —-
540 3351 604 3414 231.
622 3354 782 3407 Eeeisrar
796 3371 864 3423 par
886 3325 1068 3421 officium:
1086 3368 1135 3421 pro
1154 3352 1282 3406 beneficio
1301 3352 1353 3432 tilii

171 3423 306 3491 praestito
324 3438 341 3475 a
358 3423 386 3475 te
404 3421 471 3475 mihi
489 3421 539 3474 hoe
557 3423 725 3490 praestetur,
754 3425 786 3474 ut
803 3436 900 3489 corpus
917 3436 1006 3475 meum
1025 3422 1099 3473 terra
1117 3420 1250 3500 condatur
1267 3422 1294 3474 et
1315 3436 1355 3475 sie

170 3489 271 3542 umbra
288 3505 356 3552 mea,
374 3490 463 3544 adhuc
480 3489 552 3543 circa
568 3489 747 3544 Acherontem
765 3487 868 3542 versari
885 3490 993 3557 coacta,
1022 3488 1057 3542 ad
1083 3489 1159 3542 sedes
1180 3490 1286 3558 quietas
1305 3487 1354 3542 ad-

172 3554 312 3610 mittetur.
325 3587 359 3596 -
376 3555 441 3618 232.
460 3556 653 3611 Animadverte
673 3556 867 3611 Cimmerios
884 3555 981 3611 locos
999 3557 1027 3623 (i.
1046 3573 1069 3612 e.
1088 3556 1195 3610 omnino
1211 3555 1356 3611 horrendos

170 3623 294 3678 tenebris
312 3627 340 3679 et
367 3624 480 3693 frigore:
499 3625 535 3679 cl.
556 3625 635 3678 Hom.
654 3625 705 3680 Od.
724 3624 772 3688 XI,
794 3629 825 3678 14
844 3641 901 3753 epp.
930 3627 957 3678 et
975 3624 1098 3679 leclrer.
1118 3624 1230 3679 Homer.
1253 3623 1354 3693 Geopr.

170 3709 199 3762 p.
219 3693 286 3754 154.)
306 3696 420 3760 apoeta
437 3693 465 3745 in
485 3693 583 3750 Orcum
602 3693 760 3747 translatos.
789 3722 824 3732 -
893 3691 919 3753 3.
939 3692 1007 3746 Cum
1025 3688 1106 3746 Pron.
1134 3709 1212 3761 quem
1229 3708 1246 3745 a
1262 3694 1354 3758 feror,

170 3775 226 3880 :puo
244 3760 388 3840 pertinent,
406 3760 487 3814 nimis
505 3763 639 3841 reinotnm
659 3762 696 3814 sit
710 3763 742 3840 et
760 3760 844 3814 Culex
862 3777 891 3840 se
910 3760 999 3841 minus
1017 3763 1080 3828 apte
1097 3760 1170 3841 ¹inter
1187 3759 1307 3839 homines
1325 3760 1354 3812 iu

170 3827 1124 3973 isti?rusticantis-..sistetristanus
1137 3827 1355 3972 retr-..tui

170 3962 294 4030 agmina,
313 3961 440 4017 Ribbeck.
459 3963 548 4017 obvia.
566 3992 598 4001 -
616 3959 682 4022 234.
701 3963 732 4016 In
751 3962 917 4041 Orcovans
932 3960 1125 4040 sceleratorum
1145 3959 1277 4081 supplicio
1295 3975 1356 4028 spe·

171 4031 250 4083 ctare
267 4028 350 4084 Culex
379 4033 489 4084 coactus
507 4031 562 4093 est,
590 4046 658 4108 qpae
676 4030 730 4108 fere
761 4044 852 4082 omnia
880 4032 963 4082 etiam
984 4026 1145 4083 Aeneidisl
1205 4068 1211 4081 .
1238 4042 1354 4107 comme·

170 4099 325 4221 sistit
350 4095 740 4235 trussellus·
757 4092 1136 4217 irrisisset:
1154 4096 1355 4242 tiaratae

170 4233 247 4301 vulg.
266 4234 418 4288 incendere.
454 4232 497 4286 Cf.
516 4233 581 4286 Aen.
601 4230 647 4294 VI,
665 4234 773 4312 2232&
791 4230 857 4310 (leo.
871 4179 896 4296 l,
916 4231 974 4285 280.
999 4260 1038 4308 -3
1056 4226 1122 4289 237.
1139 4228 1180 4283 De
1200 4230 1281 4299 Tstpo
1296 4230 1354 4309 yid.

171 4302 242 4355 Aen.
262 4300 309 4367 Vl,
327 4305 385 4355 595.
420 4301 511 4355 Verba
522 4298 706 4369 Inpleeabrlre
724 4316 771 4351 rra
787 4316 869 4350 nemea
886 4296 1071 4377 parenthetice
1082 4313 1150 4378 'cum
1162 4297 1354 4352 exclamatione

171 4369 255 4424 diets.
275 4401 308 4409 —
325 4368 391 4431 239.
410 4369 500 4437 Vulgo
533 4370 595 4437 post
612 4366 715 4419 irrisoris
733 4366 873 4420 Committe
903 4367 1018 4445 tantuin.
1036 4364 1174 4445 inciditur.
1204 4366 1266 4446 'Nos
1293 4381 1354 4419 cum

170 4434 280 4505 Silligio
298 4434 501 4491 distinctionem
520 4434 695 4502 mutavimus,
713 4436 745 4487 ut
762 4450 788 4486 v.
801 4438 859 4487 240.
881 4449 950 4487 nova
966 4434 1080 4502 incipiat
1093 4436 1238 4494 sententia,
1256 4449 1284 4486 in
1303 4449 1354 4502 quo

170 4521 223 4558 nos
241 4504 328 4558 secuti
346 4507 411 4558 sunt
456 4504 600 4582 citeriores
618 4502 747 4582 editores..
771 4532 804 4540 -
832 4500 900 4581 240.
918 4502 958 4555 De
981 4501 1096 4582 Tantalo
1126 4517 1275 4582 sermpnem
1295 4516 1354 4555 esse

171 4573 260 4641 patet.
296 4571 338 4625 Cf.
356 4573 423 4626 Aen.
481 4576 564 4633 ,tol
583 4599 616 4609 -
634 4571 1042 4647 oltsmrr,·„vi1summasui
1077 4574 1135 4650 arte
1154 4570 1302 4630 eminens,“
1321 4571 1354 4621 ut

171 4639 326 4720 rectissime
338 4640 424 4719 Hepn.
463 4640 580 4719 Ultimus
598 4638 669 4692 enim
687 4638 770 4692 etiam
787 4635 1354 4771 1139.ἓξιεέἓεὸῐίεξίωῃῶὴῖᾖὶὥῗέὴξᾱ

171 4706 405 4842 'tlidlhlllinlfill'
420 4706 951 4853 illinitliicesett’iaiiimll'siitiiludssltirsse
968 4772 1022 4827 dici
1058 4774 1144 4833 otest,
1162 4773 1259 4841 utpote
1278 4771 1354 4826 cuius

171 4845 258 4914 caput
275 4843 314 4896 sit
332 4842 466 4904 ultimum,
498 4841 570 4969 puod
587 4859 618 4896 ex
648 4841 732 4921 lurido
750 4856 835 4894 maris
868 4842 975 4894 eminet.
1011 4789 1087 4894 Adde
1105 4839 1209 4919 Ruhnk.
1229 4838 1265 4894 sd
1282 4839 1352 4921 loll:

171 4910 235 4991 Pat.
253 4910 291 4971 11.
313 4912 388 4964 rw·
404 4940 437 4990 .”
449 4908 495 4990 Ι24
515 4954 520 4963 .
539 4910 643 4989 Extat
660 4909 747 4977 Sillig.
766 4908 1011 5004 provulgnrestat
1029 4925 1059 4961 er
1082 4922 1228 4987 ‘venustula
1249 4907 1353 4989 Heinsii

173 4981 331 5034 coniectura
348 4981 480 5043 restituit,
499 4995 578 5049 quum
596 4982 677 5032 etiam
697 4979 858 5031 recentiores
877 4975 955 5032 editt.
974 4975 1090 5045 amplexi
1106 4977 1178 5031 sunt.
1199 5006 1232 5015 -
1250 4994 1355 5040 amna,
