<?xml version="1.0" encoding="UTF-8"?>
<!DOCTYPE html PUBLIC "-//W3C//DTD XHTML 1.0 Transitional//EN"
    "http://www.w3.org/TR/xhtml1/DTD/xhtml1-transitional.dtd">
<html xmlns="http://www.w3.org/1999/xhtml" xml:lang="en" lang="en">
 <head>
  <title>
</title>
<meta http-equiv="Content-Type" content="text/html;charset=utf-8" />
  <meta name='ocr-system' content='tesseract 3.04.00' />
  <meta name='ocr-capabilities' content='ocr_page ocr_carea ocr_par ocr_line ocrx_word'/>
</head>
<body>
  <div class='ocr_page' id='page_1' title='image "./opera00virggoog_0140.png"; bbox 0 0 3359 5725; ppageno 0'>
   <div class='ocr_carea' id='block_1_1' title="bbox 508 578 938 647">
    <p class='ocr_par' dir='ltr' id='par_1_1' title="bbox 508 578 938 647">
     <span class='ocr_line' id='line_1_1' title="bbox 508 578 938 647; baseline 0.012 -5"><span class='ocrx_word' id='word_1_1' title='bbox 508 578 737 646; x_wconf 83' lang='lat' dir='ltr'>AENEIDOS</span> <span class='ocrx_word' id='word_1_2' title='bbox 758 581 843 647; x_wconf 89' lang='lat' dir='ltr'>LIB.</span> <span class='ocrx_word' id='word_1_3' title='bbox 865 582 938 647; x_wconf 90' lang='lat' dir='ltr'>VH.</span> 
     </span>
    </p>
   </div>
   <div class='ocr_carea' id='block_1_2' title="bbox 151 742 1330 1497">
    <p class='ocr_par' dir='ltr' id='par_1_2' title="bbox 151 742 1330 1497">
     <span class='ocr_line' id='line_1_2' title="bbox 154 742 958 832; baseline 0.007 -26"><span class='ocrx_word' id='word_1_4' title='bbox 154 742 288 806; x_wconf 80' lang='lat' dir='ltr'><strong>Fratris</strong></span> <span class='ocrx_word' id='word_1_5' title='bbox 308 742 440 806; x_wconf 82' lang='lat' dir='ltr'>Tiburti</span> <span class='ocrx_word' id='word_1_6' title='bbox 461 742 582 808; x_wconf 87' lang='lat' dir='ltr'>dictam</span> <span class='ocrx_word' id='word_1_7' title='bbox 606 748 796 830; x_wconf 84' lang='lat' dir='ltr'><strong>cognomine</strong></span> <span class='ocrx_word' id='word_1_8' title='bbox 819 757 958 832; x_wconf 89' lang='lat' dir='ltr'>gentem,</span> 
     </span>
     <span class='ocr_line' id='line_1_3' title="bbox 154 824 990 916; baseline 0.006 -27"><span class='ocrx_word' id='word_1_9' title='bbox 154 824 362 912; x_wconf 78' lang='lat' dir='ltr'>Catillusque</span> <span class='ocrx_word' id='word_1_10' title='bbox 385 848 525 913; x_wconf 85' lang='lat' dir='ltr'>acerque</span> <span class='ocrx_word' id='word_1_11' title='bbox 547 826 661 911; x_wconf 91' lang='lat' dir='ltr'>Coras,</span> <span class='ocrx_word' id='word_1_12' title='bbox 682 828 809 916; x_wconf 88' lang='lat' dir='ltr'>Argiva</span> <span class='ocrx_word' id='word_1_13' title='bbox 831 833 990 907; x_wconf 81' lang='lat' dir='ltr'>iuventus,</span> 
     </span>
     <span class='ocr_line' id='line_1_4' title="bbox 153 908 1085 996; baseline 0.003 -24"><span class='ocrx_word' id='word_1_14' title='bbox 153 908 201 972; x_wconf 87' lang='lat' dir='ltr'>Et</span> <span class='ocrx_word' id='word_1_15' title='bbox 224 910 367 996; x_wconf 89' lang='lat' dir='ltr'>primam</span> <span class='ocrx_word' id='word_1_16' title='bbox 386 920 461 974; x_wconf 87' lang='lat' dir='ltr'>ante</span> <span class='ocrx_word' id='word_1_17' title='bbox 485 911 587 974; x_wconf 85' lang='lat' dir='ltr'><strong>aciem</strong></span> <span class='ocrx_word' id='word_1_18' title='bbox 611 910 713 976; x_wconf 90' lang='lat' dir='ltr'>densa</span> <span class='ocrx_word' id='word_1_19' title='bbox 734 917 819 978; x_wconf 91' lang='lat' dir='ltr'>inter</span> <span class='ocrx_word' id='word_1_20' title='bbox 842 913 907 978; x_wconf 89' lang='lat' dir='ltr'>tela</span> <span class='ocrx_word' id='word_1_21' title='bbox 925 914 1085 978; x_wconf 87' lang='lat' dir='ltr'>feruntur:</span> 
     </span>
     <span class='ocr_line' id='line_1_5' title="bbox 153 990 1054 1078; baseline 0.004 -22"><span class='ocrx_word' id='word_1_22' title='bbox 153 991 227 1057; x_wconf 92' lang='lat' dir='ltr'>Ceu</span> <span class='ocrx_word' id='word_1_23' title='bbox 251 990 316 1056; x_wconf 92' lang='lat' dir='ltr'>duo</span> <span class='ocrx_word' id='word_1_24' title='bbox 337 991 523 1078; x_wconf 79' lang='lat' dir='ltr'>nubigenae</span> <span class='ocrx_word' id='word_1_25' title='bbox 546 1016 618 1058; x_wconf 93' lang='lat' dir='ltr'>cum</span> <span class='ocrx_word' id='word_1_26' title='bbox 638 998 760 1061; x_wconf 86' lang='lat' dir='ltr'>vertice</span> <span class='ocrx_word' id='word_1_27' title='bbox 782 999 901 1062; x_wconf 92' lang='lat' dir='ltr'>montis</span> <span class='ocrx_word' id='word_1_28' title='bbox 925 995 966 1061; x_wconf 91' lang='lat' dir='ltr'>ab</span> <span class='ocrx_word' id='word_1_29' title='bbox 988 995 1054 1060; x_wconf 87' lang='lat' dir='ltr'>alto</span> 
     </span>
     <span class='ocr_line' id='line_1_6' title="bbox 153 1073 1330 1178; baseline 0.008 -39"><span class='ocrx_word' id='word_1_30' title='bbox 153 1073 371 1140; x_wconf 83' lang='lat' dir='ltr'>Descendunt</span> <span class='ocrx_word' id='word_1_31' title='bbox 394 1077 550 1141; x_wconf 82' lang='lat' dir='ltr'>Centauri</span> <span class='ocrx_word' id='word_1_32' title='bbox 571 1076 730 1143; x_wconf 89' lang='lat' dir='ltr'>Homolen</span> <span class='ocrx_word' id='word_1_33' title='bbox 752 1077 958 1178; x_wconf 84' lang='lat' dir='ltr'>Othrquue</span> <span class='ocrx_word' id='word_1_34' title='bbox 976 1078 1116 1143; x_wconf 87' lang='lat' dir='ltr'>nivalem</span> <span class='ocrx_word' id='word_1_35' title='bbox 1281 1098 1330 1149; x_wconf 77' lang='lat' dir='ltr'>tte</span> 
     </span>
     <span class='ocr_line' id='line_1_7' title="bbox 151 1157 1018 1248; baseline 0.007 -27"><span class='ocrx_word' id='word_1_36' title='bbox 151 1157 358 1243; x_wconf 83' lang='lat' dir='ltr'>Linquentes</span> <span class='ocrx_word' id='word_1_37' title='bbox 381 1181 478 1224; x_wconf 92' lang='lat' dir='ltr'>cursu</span> <span class='ocrx_word' id='word_1_38' title='bbox 497 1159 631 1247; x_wconf 72' lang='lat' dir='ltr'>rapide,</span> <span class='ocrx_word' id='word_1_39' title='bbox 653 1160 710 1226; x_wconf 92' lang='lat' dir='ltr'>dat</span> <span class='ocrx_word' id='word_1_40' title='bbox 732 1162 881 1227; x_wconf 87' lang='lat' dir='ltr'>euntibus</span> <span class='ocrx_word' id='word_1_41' title='bbox 903 1184 1018 1248; x_wconf 78' lang='lat' dir='ltr'>iugens</span> 
     </span>
     <span class='ocr_line' id='line_1_8' title="bbox 153 1240 1032 1343; baseline 0.005 -37"><span class='ocrx_word' id='word_1_42' title='bbox 153 1240 250 1306; x_wconf 86' lang='lat' dir='ltr'>Silva</span> <span class='ocrx_word' id='word_1_43' title='bbox 271 1241 378 1306; x_wconf 88' lang='lat' dir='ltr'>locum</span> <span class='ocrx_word' id='word_1_44' title='bbox 401 1253 432 1307; x_wconf 92' lang='lat' dir='ltr'>et</span> <span class='ocrx_word' id='word_1_45' title='bbox 452 1265 571 1329; x_wconf 90' lang='lat' dir='ltr'>magno</span> <span class='ocrx_word' id='word_1_46' title='bbox 593 1243 713 1309; x_wconf 91' lang='lat' dir='ltr'>cedunt</span> <span class='ocrx_word' id='word_1_47' title='bbox 730 1245 874 1331; x_wconf 81' lang='lat' dir='ltr'>virgulta</span> <span class='ocrx_word' id='word_1_48' title='bbox 895 1246 1032 1343; x_wconf 84' lang='lat' dir='ltr'>fragore.</span> 
     </span>
     <span class='ocr_line' id='line_1_9' title="bbox 238 1325 986 1408; baseline 0.008 -21"><span class='ocrx_word' id='word_1_49' title='bbox 238 1325 309 1388; x_wconf 87' lang='lat' dir='ltr'>Nec</span> <span class='ocrx_word' id='word_1_50' title='bbox 330 1325 564 1390; x_wconf 85' lang='lat' dir='ltr'>Praenestinae</span> <span class='ocrx_word' id='word_1_51' title='bbox 585 1326 739 1393; x_wconf 91' lang='lat' dir='ltr'>fundator</span> <span class='ocrx_word' id='word_1_52' title='bbox 759 1325 862 1392; x_wconf 89' lang='lat' dir='ltr'>defuit</span> <span class='ocrx_word' id='word_1_53' title='bbox 884 1327 986 1408; x_wconf 80' lang='lat' dir='ltr'>urbm,</span> 
     </span>
     <span class='ocr_line' id='line_1_10' title="bbox 151 1406 1020 1497; baseline 0.002 -25"><span class='ocrx_word' id='word_1_54' title='bbox 151 1406 306 1473; x_wconf 83' lang='lat' dir='ltr'>Volcano</span> <span class='ocrx_word' id='word_1_55' title='bbox 328 1409 474 1493; x_wconf 91' lang='lat' dir='ltr'>genitum</span> <span class='ocrx_word' id='word_1_56' title='bbox 495 1431 618 1495; x_wconf 89' lang='lat' dir='ltr'>pecora</span> <span class='ocrx_word' id='word_1_57' title='bbox 638 1412 723 1476; x_wconf 89' lang='lat' dir='ltr'>inter</span> <span class='ocrx_word' id='word_1_58' title='bbox 744 1412 889 1496; x_wconf 88' lang='lat' dir='ltr'>agrestia</span> <span class='ocrx_word' id='word_1_59' title='bbox 911 1433 1020 1497; x_wconf 89' lang='lat' dir='ltr'>regem</span> 
     </span>
    </p>
   </div>
   <div class='ocr_carea' id='block_1_3' title="bbox 153 1612 369 1621">
    <p class='ocr_par' dir='ltr' id='par_1_3' title="bbox 153 1612 369 1621">
     <span class='ocr_line' id='line_1_11' title="bbox 153 1612 369 1621; baseline -0.009 0"><span class='ocrx_word' id='word_1_60' title='bbox 153 1612 369 1621; x_wconf 65' lang='lat'><strong>-—---—</strong></span> 
     </span>
    </p>
   </div>
   <div class='ocr_carea' id='block_1_4' title="bbox 150 1740 1362 5058">
    <p class='ocr_par' dir='ltr' id='par_1_4' title="bbox 150 1740 1334 3349">
     <span class='ocr_line' id='line_1_12' title="bbox 153 1740 1330 1820; baseline -0.001 -24"><span class='ocrx_word' id='word_1_61' title='bbox 153 1742 224 1796; x_wconf 86' lang='lat' dir='ltr'>ratio</span> <span class='ocrx_word' id='word_1_62' title='bbox 257 1741 385 1795; x_wconf 88' lang='lat' dir='ltr'>subtilius</span> <span class='ocrx_word' id='word_1_63' title='bbox 415 1740 572 1820; x_wconf 79' lang='lat' dir='ltr'>erigenda.“</span> <span class='ocrx_word' id='word_1_64' title='bbox 610 1741 828 1811; x_wconf 60' lang='lat' dir='ltr'>Herpa-671.</span> <span class='ocrx_word' id='word_1_65' title='bbox 861 1742 1001 1795; x_wconf 81' lang='lat' dir='ltr'>Tiburti.</span> <span class='ocrx_word' id='word_1_66' title='bbox 1036 1741 1100 1797; x_wconf 80' lang='lat' dir='ltr'>Cod.</span> <span class='ocrx_word' id='word_1_67' title='bbox 1120 1742 1195 1797; x_wconf 86' lang='lat' dir='ltr'>Rom.</span> <span class='ocrx_word' id='word_1_68' title='bbox 1222 1743 1261 1808; x_wconf 76' lang='lat' dir='ltr'>(in</span> <span class='ocrx_word' id='word_1_69' title='bbox 1297 1759 1330 1796; x_wconf 96' lang='lat' dir='ltr'>uo</span> 
     </span>
     <span class='ocr_line' id='line_1_13' title="bbox 151 1808 1333 1878; baseline 0.002 -17"><span class='ocrx_word' id='word_1_70' title='bbox 151 1814 246 1863; x_wconf 88' lang='lat' dir='ltr'>tamen</span> <span class='ocrx_word' id='word_1_71' title='bbox 267 1808 397 1863; x_wconf 82' lang='lat' dir='ltr'>Ribbeck.</span> <span class='ocrx_word' id='word_1_72' title='bbox 415 1814 505 1876; x_wconf 82' lang='lat' dir='ltr'>potrus</span> <span class='ocrx_word' id='word_1_73' title='bbox 524 1810 651 1862; x_wconf 79' lang='lat' dir='ltr'>Tiburthi</span> <span class='ocrx_word' id='word_1_74' title='bbox 668 1809 781 1867; x_wconf 70' lang='lat' dir='ltr'>inveniti</span> <span class='ocrx_word' id='word_1_75' title='bbox 800 1813 827 1863; x_wconf 89' lang='lat' dir='ltr'>et</span> <span class='ocrx_word' id='word_1_76' title='bbox 845 1809 917 1863; x_wconf 85' lang='lat' dir='ltr'>Serv.</span> <span class='ocrx_word' id='word_1_77' title='bbox 936 1809 1029 1864; x_wconf 86' lang='lat' dir='ltr'>Drcsd.</span> <span class='ocrx_word' id='word_1_78' title='bbox 1049 1811 1174 1877; x_wconf 71' lang='lat' dir='ltr'>Tiburni,</span> <span class='ocrx_word' id='word_1_79' title='bbox 1197 1810 1268 1878; x_wconf 89' lang='lat' dir='ltr'>quod</span> <span class='ocrx_word' id='word_1_80' title='bbox 1307 1811 1333 1864; x_wconf 92' lang='lat' dir='ltr'>ie</span> 
     </span>
     <span class='ocr_line' id='line_1_14' title="bbox 150 1874 1333 1945; baseline 0 -16"><span class='ocrx_word' id='word_1_81' title='bbox 150 1880 179 1930; x_wconf 90' lang='lat' dir='ltr'>et</span> <span class='ocrx_word' id='word_1_82' title='bbox 207 1877 282 1930; x_wconf 81' lang='lat' dir='ltr'>infra</span> <span class='ocrx_word' id='word_1_83' title='bbox 299 1877 348 1943; x_wconf 85' lang='lat' dir='ltr'>XI,</span> <span class='ocrx_word' id='word_1_84' title='bbox 373 1879 430 1929; x_wconf 82' lang='lat'>519.</span> <span class='ocrx_word' id='word_1_85' title='bbox 462 1877 516 1942; x_wconf 78' lang='lat' dir='ltr'>(ubi</span> <span class='ocrx_word' id='word_1_86' title='bbox 546 1876 638 1930; x_wconf 86' lang='lat' dir='ltr'>eadem</span> <span class='ocrx_word' id='word_1_87' title='bbox 668 1876 792 1942; x_wconf 86' lang='lat' dir='ltr'>lectionis</span> <span class='ocrx_word' id='word_1_88' title='bbox 820 1877 950 1942; x_wconf 80' lang='lat' dir='ltr'>varietas)</span> <span class='ocrx_word' id='word_1_89' title='bbox 979 1893 1039 1931; x_wconf 91' lang='lat' dir='ltr'>eum</span> <span class='ocrx_word' id='word_1_90' title='bbox 1069 1874 1202 1931; x_wconf 85' lang='lat' dir='ltr'>Brunekio</span> <span class='ocrx_word' id='word_1_91' title='bbox 1231 1877 1333 1945; x_wconf 89' lang='lat' dir='ltr'>recepit</span> 
     </span>
     <span class='ocr_line' id='line_1_15' title="bbox 150 1943 1334 2010; baseline 0.001 -13"><span class='ocrx_word' id='word_1_92' title='bbox 150 1944 243 2010; x_wconf 74' lang='lat' dir='ltr'>Iahn,</span> <span class='ocrx_word' id='word_1_93' title='bbox 274 1943 405 1997; x_wconf 83' lang='lat' dir='ltr'>suadente</span> <span class='ocrx_word' id='word_1_94' title='bbox 430 1943 511 1997; x_wconf 82' lang='lat' dir='ltr'>etiarn</span> <span class='ocrx_word' id='word_1_95' title='bbox 529 1943 635 1996; x_wconf 88' lang='lat' dir='ltr'>Handio</span> <span class='ocrx_word' id='word_1_96' title='bbox 665 1944 699 1998; x_wconf 87' lang='lat' dir='ltr'>ad</span> <span class='ocrx_word' id='word_1_97' title='bbox 718 1946 786 1999; x_wconf 86' lang='lat' dir='ltr'>Stat.</span> <span class='ocrx_word' id='word_1_98' title='bbox 806 1945 869 1999; x_wconf 83' lang='lat' dir='ltr'>silv.</span> <span class='ocrx_word' id='word_1_99' title='bbox 888 1945 912 2006; x_wconf 89' lang='grc' dir='ltr'>Ι,</span> <span class='ocrx_word' id='word_1_100' title='bbox 930 1949 954 2008; x_wconf 86' lang='grc'>3,</span> <span class='ocrx_word' id='word_1_101' title='bbox 974 1948 1031 2008; x_wconf 77' lang='lat' dir='ltr'>n.;</span> <span class='ocrx_word' id='word_1_102' title='bbox 1061 1944 1107 1998; x_wconf 89' lang='lat' dir='ltr'>sed</span> <span class='ocrx_word' id='word_1_103' title='bbox 1136 1961 1196 1999; x_wconf 86' lang='lat' dir='ltr'>vere</span> <span class='ocrx_word' id='word_1_104' title='bbox 1225 1944 1334 1998; x_wconf 82' lang='lat' dir='ltr'>videtur</span> 
     </span>
     <span class='ocr_line' id='line_1_16' title="bbox 150 2011 1331 2081; baseline 0 -17"><span class='ocrx_word' id='word_1_105' title='bbox 150 2012 250 2081; x_wconf 86' lang='lat' dir='ltr'>Wagn.</span> <span class='ocrx_word' id='word_1_106' title='bbox 273 2028 288 2064; x_wconf 93' lang='lat' dir='ltr'>o</span> <span class='ocrx_word' id='word_1_107' title='bbox 308 2027 414 2081; x_wconf 87' lang='lat' dir='ltr'>ponere,</span> <span class='ocrx_word' id='word_1_108' title='bbox 434 2026 451 2063; x_wconf 92' lang='lat' dir='ltr'>a</span> <span class='ocrx_word' id='word_1_109' title='bbox 473 2013 595 2064; x_wconf 77' lang='lat' dir='ltr'>Tiburno</span> <span class='ocrx_word' id='word_1_110' title='bbox 614 2027 665 2064; x_wconf 92' lang='lat' dir='ltr'>non</span> <span class='ocrx_word' id='word_1_111' title='bbox 686 2012 821 2075; x_wconf 76' lang='lat' dir='ltr'>Tiburtia,</span> <span class='ocrx_word' id='word_1_112' title='bbox 841 2011 888 2064; x_wconf 87' lang='lat' dir='ltr'>sed</span> <span class='ocrx_word' id='word_1_113' title='bbox 908 2013 1030 2064; x_wconf 73' lang='lat' dir='ltr'>Tiberim</span> <span class='ocrx_word' id='word_1_114' title='bbox 1049 2012 1153 2066; x_wconf 87' lang='lat' dir='ltr'>moenia</span> <span class='ocrx_word' id='word_1_115' title='bbox 1170 2011 1331 2081; x_wconf 90' lang='lat' dir='ltr'>appellanda</span> 
     </span>
     <span class='ocr_line' id='line_1_17' title="bbox 150 2028 1333 2143; baseline 0.001 -11"><span class='ocrx_word' id='word_1_116' title='bbox 150 2079 249 2132; x_wconf 83' lang='lat' dir='ltr'>fuisse.</span> <span class='ocrx_word' id='word_1_117' title='bbox 287 2028 375 2143; x_wconf 57' lang='lat' dir='ltr'>Crete</span> <span class='ocrx_word' id='word_1_118' title='bbox 406 2079 487 2131; x_wconf 87' lang='lat' dir='ltr'>ceteri</span> <span class='ocrx_word' id='word_1_119' title='bbox 517 2078 633 2132; x_wconf 85' lang='lat' dir='ltr'>editores</span> <span class='ocrx_word' id='word_1_120' title='bbox 663 2079 823 2133; x_wconf 83' lang='lat' dir='ltr'>recentiores</span> <span class='ocrx_word' id='word_1_121' title='bbox 852 2081 925 2132; x_wconf 84' lang='lat' dir='ltr'>recte</span> <span class='ocrx_word' id='word_1_122' title='bbox 945 2079 1056 2132; x_wconf 76' lang='lat' dir='ltr'>Tiburti</span> <span class='ocrx_word' id='word_1_123' title='bbox 1071 2081 1246 2133; x_wconf 86' lang='lat' dir='ltr'>retinuerunt.</span> <span class='ocrx_word' id='word_1_124' title='bbox 1282 2079 1333 2134; x_wconf 80' lang='lat' dir='ltr'>Ce-</span> 
     </span>
     <span class='ocr_line' id='line_1_18' title="bbox 150 2145 1333 2212; baseline 0.002 -13"><span class='ocrx_word' id='word_1_125' title='bbox 150 2150 246 2200; x_wconf 87' lang='lat' dir='ltr'>terum</span> <span class='ocrx_word' id='word_1_126' title='bbox 264 2146 299 2200; x_wconf 84' lang='lat' dir='ltr'>ct.</span> <span class='ocrx_word' id='word_1_127' title='bbox 320 2146 403 2200; x_wconf 90' lang='lat' dir='ltr'>etiam</span> <span class='ocrx_word' id='word_1_128' title='bbox 423 2145 484 2199; x_wconf 89' lang='lat' dir='ltr'>Hor.</span> <span class='ocrx_word' id='word_1_129' title='bbox 506 2145 557 2200; x_wconf 89' lang='lat' dir='ltr'>Od.</span> <span class='ocrx_word' id='word_1_130' title='bbox 574 2146 597 2208; x_wconf 92' lang='lat'>1,</span> <span class='ocrx_word' id='word_1_131' title='bbox 616 2151 641 2212; x_wconf 76' lang='lat' dir='ltr'>t,</span> <span class='ocrx_word' id='word_1_132' title='bbox 664 2151 712 2212; x_wconf 74' lang='lat'>13,</span> <span class='ocrx_word' id='word_1_133' title='bbox 742 2147 789 2200; x_wconf 89' lang='lat' dir='ltr'>nbi</span> <span class='ocrx_word' id='word_1_134' title='bbox 811 2149 902 2200; x_wconf 87' lang='lat' dir='ltr'>tamen</span> <span class='ocrx_word' id='word_1_135' title='bbox 922 2163 952 2200; x_wconf 83' lang='lat' dir='ltr'>er</span> <span class='ocrx_word' id='word_1_136' title='bbox 970 2147 1123 2200; x_wconf 89' lang='lat' dir='ltr'>melioribus</span> <span class='ocrx_word' id='word_1_137' title='bbox 1141 2147 1224 2200; x_wconf 82' lang='lat' dir='ltr'>Godd.</span> <span class='ocrx_word' id='word_1_138' title='bbox 1243 2147 1333 2202; x_wconf 89' lang='lat' dir='ltr'>editur</span> 
     </span>
     <span class='ocr_line' id='line_1_19' title="bbox 151 2212 1333 2283; baseline 0.002 -18"><span class='ocrx_word' id='word_1_139' title='bbox 151 2214 277 2267; x_wconf 66' lang='lat' dir='ltr'>Tiburni</span> <span class='ocrx_word' id='word_1_140' title='bbox 302 2215 388 2267; x_wconf 77' lang='lat' dir='ltr'>lectra</span> <span class='ocrx_word' id='word_1_141' title='bbox 423 2212 475 2279; x_wconf 70' lang='lat' dir='ltr'>(Cf.</span> <span class='ocrx_word' id='word_1_142' title='bbox 497 2213 592 2279; x_wconf 83' lang='lat' dir='ltr'>Orcll.)</span> <span class='ocrx_word' id='word_1_143' title='bbox 611 2215 783 2268; x_wconf 79' lang='lat' dir='ltr'>-dictem</span> <span class='ocrx_word' id='word_1_144' title='bbox 813 2215 1013 2281; x_wconf 67' lang='lat' dir='ltr'>cognomine.</span> <span class='ocrx_word' id='word_1_145' title='bbox 1047 2214 1087 2268; x_wconf 81' lang='lat' dir='ltr'>cf.</span> <span class='ocrx_word' id='word_1_146' title='bbox 1107 2214 1129 2276; x_wconf 94' lang='lat' dir='ltr'>I,</span> <span class='ocrx_word' id='word_1_147' title='bbox 1148 2218 1205 2270; x_wconf 84' lang='lat'>530.</span> <span class='ocrx_word' id='word_1_148' title='bbox 1227 2214 1333 2283; x_wconf 74' lang='lat' dir='ltr'>Cogno·</span> 
     </span>
     <span class='ocr_line' id='line_1_20' title="bbox 150 2280 1331 2350; baseline 0.002 -16"><span class='ocrx_word' id='word_1_149' title='bbox 150 2282 227 2334; x_wconf 69' lang='lat' dir='ltr'>mirae</span> <span class='ocrx_word' id='word_1_150' title='bbox 247 2282 352 2343; x_wconf 82' lang='lat' dir='ltr'>dicunt,</span> <span class='ocrx_word' id='word_1_151' title='bbox 371 2280 424 2347; x_wconf 87' lang='lat' dir='ltr'>III,</span> <span class='ocrx_word' id='word_1_152' title='bbox 443 2284 500 2333; x_wconf 77' lang='grc'><strong>334.</strong></span> <span class='ocrx_word' id='word_1_153' title='bbox 520 2286 576 2336; x_wconf 76' lang='grc'>702,</span> <span class='ocrx_word' id='word_1_154' title='bbox 596 2281 671 2347; x_wconf 84' lang='lat' dir='ltr'>VIII,</span> <span class='ocrx_word' id='word_1_155' title='bbox 691 2285 748 2335; x_wconf 79' lang='lat'>331.</span> <span class='ocrx_word' id='word_1_156' title='bbox 766 2281 828 2345; x_wconf 85' lang='lat' dir='ltr'>XII,</span> <span class='ocrx_word' id='word_1_157' title='bbox 848 2286 905 2335; x_wconf 80' lang='lat'>845.</span> <span class='ocrx_word' id='word_1_158' title='bbox 940 2281 998 2336; x_wconf 86' lang='lat' dir='ltr'>Pal.</span> <span class='ocrx_word' id='word_1_159' title='bbox 1028 2283 1140 2350; x_wconf 87' lang='lat' dir='ltr'>praebet</span> <span class='ocrx_word' id='word_1_160' title='bbox 1171 2284 1205 2335; x_wconf 81' lang='lat' dir='ltr'>de</span> <span class='ocrx_word' id='word_1_161' title='bbox 1233 2301 1331 2350; x_wconf 75' lang='lat' dir='ltr'>copae·</span> 
     </span>
     <span class='ocr_line' id='line_1_21' title="bbox 150 2348 1332 2418; baseline 0.001 -17"><span class='ocrx_word' id='word_1_162' title='bbox 150 2350 235 2412; x_wconf 78' lang='lat' dir='ltr'>mine,</span> <span class='ocrx_word' id='word_1_163' title='bbox 256 2348 537 2411; x_wconf 63' lang='lat' dir='ltr'>crustularium</span> <span class='ocrx_word' id='word_1_164' title='bbox 565 2349 667 2402; x_wconf 50' lang='lat' dir='ltr'>&amp;ricae</span> <span class='ocrx_word' id='word_1_165' title='bbox 696 2350 730 2401; x_wconf 83' lang='lat' dir='ltr'>de</span> <span class='ocrx_word' id='word_1_166' title='bbox 757 2350 865 2402; x_wconf 80' lang='lat' dir='ltr'>aomina</span> <span class='ocrx_word' id='word_1_167' title='bbox 904 2356 988 2401; x_wconf 82' lang='lat' dir='ltr'>entem</span> <span class='ocrx_word' id='word_1_168' title='bbox 1006 2351 1035 2403; x_wconf 83' lang='lat' dir='ltr'>et</span> <span class='ocrx_word' id='word_1_169' title='bbox 1053 2350 1125 2403; x_wconf 85' lang='lat' dir='ltr'>alibi.</span> <span class='ocrx_word' id='word_1_170' title='bbox 1147 2380 1177 2388; x_wconf 96' lang='lat'>-</span> <span class='ocrx_word' id='word_1_171' title='bbox 1194 2358 1332 2418; x_wconf 70' lang='lat' dir='ltr'>pentem,</span> 
     </span>
     <span class='ocr_line' id='line_1_22' title="bbox 151 2367 1331 2537; baseline 0.002 -69"><span class='ocrx_word' id='word_1_172' title='bbox 151 2418 261 2537; x_wconf 51' lang='lat' dir='ltr'>{attice</span> <span class='ocrx_word' id='word_1_173' title='bbox 299 2432 328 2469; x_wconf 91' lang='lat' dir='ltr'>ro</span> <span class='ocrx_word' id='word_1_174' title='bbox 348 2416 421 2493; x_wconf 73' lang='lat' dir='ltr'>arte.</span> <span class='ocrx_word' id='word_1_175' title='bbox 457 2414 498 2469; x_wconf 83' lang='lat' dir='ltr'>Cf.</span> <span class='ocrx_word' id='word_1_176' title='bbox 517 2415 563 2481; x_wconf 92' lang='lat' dir='ltr'>IV,</span> <span class='ocrx_word' id='word_1_177' title='bbox 584 2421 625 2469; x_wconf 72' lang='lat' dir='ltr'>to.</span> <span class='ocrx_word' id='word_1_178' title='bbox 644 2445 682 2495; x_wconf 43' lang='grc' dir='ltr'>--Ι</span> <span class='ocrx_word' id='word_1_179' title='bbox 697 2414 763 2475; x_wconf 77' lang='lat'>672.</span> <span class='ocrx_word' id='word_1_180' title='bbox 783 2367 1001 2496; x_wconf 59' lang='lat' dir='ltr'>(latinizant</span> <span class='ocrx_word' id='word_1_181' title='bbox 1020 2417 1104 2496; x_wconf 82' lang='lat' dir='ltr'>etiam</span> <span class='ocrx_word' id='word_1_182' title='bbox 1118 2416 1190 2495; x_wconf 78' lang='lat' dir='ltr'>inira</span> <span class='ocrx_word' id='word_1_183' title='bbox 1207 2417 1254 2479; x_wconf 82' lang='lat' dir='ltr'>XI,</span> <span class='ocrx_word' id='word_1_184' title='bbox 1273 2420 1331 2470; x_wconf 78' lang='grc'>640.</span> 
     </span>
     <span class='ocr_line' id='line_1_23' title="bbox 152 2481 1333 2630; baseline -0.002 -24"><span class='ocrx_word' id='word_1_185' title='bbox 152 2483 237 2606; x_wconf 71' lang='lat' dir='ltr'>..ut</span> <span class='ocrx_word' id='word_1_186' title='bbox 254 2481 428 2630; x_wconf 63' lang='lat' dir='ltr'>..tutt-</span> <span class='ocrx_word' id='word_1_187' title='bbox 442 2482 623 2604; x_wconf 64' lang='lat' dir='ltr'>inti:</span> <span class='ocrx_word' id='word_1_188' title='bbox 641 2500 730 2616; x_wconf 71' lang='grc' dir='ltr'>ιιι</span> <span class='ocrx_word' id='word_1_189' title='bbox 749 2484 1021 2630; x_wconf 45' lang='lat' dir='ltr'>trinitate,</span> <span class='ocrx_word' id='word_1_190' title='bbox 1037 2484 1333 2620; x_wconf 53' lang='lat' dir='ltr'>catturae</span> 
     </span>
     <span class='ocr_line' id='line_1_24' title="bbox 151 2617 1334 2687; baseline -0.002 -15"><span class='ocrx_word' id='word_1_191' title='bbox 151 2626 247 2672; x_wconf 82' lang='lat' dir='ltr'>ante</span> <span class='ocrx_word' id='word_1_192' title='bbox 279 2635 423 2682; x_wconf 76' lang='lat' dir='ltr'>actem,</span> <span class='ocrx_word' id='word_1_193' title='bbox 454 2620 485 2669; x_wconf 94' lang='lat' dir='ltr'>ut</span> <span class='ocrx_word' id='word_1_194' title='bbox 514 2634 597 2685; x_wconf 87' lang='lat' dir='ltr'>snpra</span> <span class='ocrx_word' id='word_1_195' title='bbox 624 2634 647 2671; x_wconf 87' lang='lat' dir='ltr'>v.</span> <span class='ocrx_word' id='word_1_196' title='bbox 679 2623 736 2673; x_wconf 84' lang='grc'>631,</span> <span class='ocrx_word' id='word_1_197' title='bbox 766 2622 795 2672; x_wconf 89' lang='lat' dir='ltr'>et</span> <span class='ocrx_word' id='word_1_198' title='bbox 824 2617 898 2672; x_wconf 88' lang='lat' dir='ltr'>ahb1.</span> <span class='ocrx_word' id='word_1_199' title='bbox 929 2649 963 2657; x_wconf 95' lang='lat'>-</span> <span class='ocrx_word' id='word_1_200' title='bbox 992 2617 1059 2679; x_wconf 79' lang='grc'><strong>674.</strong></span> <span class='ocrx_word' id='word_1_201' title='bbox 1094 2618 1196 2671; x_wconf 82' lang='lat' dir='ltr'>Eadem</span> <span class='ocrx_word' id='word_1_202' title='bbox 1225 2634 1334 2687; x_wconf 91' lang='lat' dir='ltr'>compa·</span> 
     </span>
     <span class='ocr_line' id='line_1_25' title="bbox 151 2684 1333 2765; baseline -0.001 -25"><span class='ocrx_word' id='word_1_203' title='bbox 151 2686 260 2740; x_wconf 87' lang='lat' dir='ltr'>ratione</span> <span class='ocrx_word' id='word_1_204' title='bbox 286 2686 329 2738; x_wconf 91' lang='lat' dir='ltr'>nti</span> <span class='ocrx_word' id='word_1_205' title='bbox 346 2684 463 2738; x_wconf 89' lang='lat' dir='ltr'>Statium</span> <span class='ocrx_word' id='word_1_206' title='bbox 481 2684 563 2739; x_wconf 86' lang='lat' dir='ltr'>Theb.</span> <span class='ocrx_word' id='word_1_207' title='bbox 583 2685 630 2747; x_wconf 86' lang='lat' dir='ltr'>IV,</span> <span class='ocrx_word' id='word_1_208' title='bbox 651 2690 698 2739; x_wconf 84' lang='lat'>139</span> <span class='ocrx_word' id='word_1_209' title='bbox 717 2702 775 2754; x_wconf 86' lang='lat' dir='ltr'>sqq.</span> <span class='ocrx_word' id='word_1_210' title='bbox 798 2689 826 2739; x_wconf 89' lang='lat' dir='ltr'>et</span> <span class='ocrx_word' id='word_1_211' title='bbox 845 2685 892 2753; x_wconf 84' lang='lat' dir='ltr'>lx,</span> <span class='ocrx_word' id='word_1_212' title='bbox 910 2689 959 2739; x_wconf 81' lang='lat'>220</span> <span class='ocrx_word' id='word_1_213' title='bbox 977 2703 1044 2765; x_wconf 81' lang='lat' dir='ltr'>sqq,</span> <span class='ocrx_word' id='word_1_214' title='bbox 1074 2686 1128 2739; x_wconf 86' lang='lat' dir='ltr'>iam</span> <span class='ocrx_word' id='word_1_215' title='bbox 1146 2685 1231 2754; x_wconf 85' lang='lat' dir='ltr'>Heyn.</span> <span class='ocrx_word' id='word_1_216' title='bbox 1250 2685 1333 2739; x_wconf 91' lang='lat' dir='ltr'>adno-</span> 
     </span>
     <span class='ocr_line' id='line_1_26' title="bbox 150 2752 1333 2823; baseline 0 -16"><span class='ocrx_word' id='word_1_217' title='bbox 150 2757 205 2808; x_wconf 86' lang='lat' dir='ltr'>tat.</span> <span class='ocrx_word' id='word_1_218' title='bbox 243 2752 353 2806; x_wconf 78' lang='lat' dir='ltr'>Servius</span> <span class='ocrx_word' id='word_1_219' title='bbox 378 2755 450 2806; x_wconf 88' lang='lat' dir='ltr'>recte</span> <span class='ocrx_word' id='word_1_220' title='bbox 467 2752 530 2807; x_wconf 90' lang='lat' dir='ltr'>inde</span> <span class='ocrx_word' id='word_1_221' title='bbox 548 2752 693 2819; x_wconf 88' lang='lat' dir='ltr'>concludit,</span> <span class='ocrx_word' id='word_1_222' title='bbox 724 2753 823 2807; x_wconf 87' lang='lat' dir='ltr'>fratres</span> <span class='ocrx_word' id='word_1_223' title='bbox 840 2753 932 2807; x_wconf 81' lang='lat' dir='ltr'>venire</span> <span class='ocrx_word' id='word_1_224' title='bbox 950 2770 1024 2823; x_wconf 76' lang='lat' dir='ltr'>equis</span> <span class='ocrx_word' id='word_1_225' title='bbox 1043 2755 1141 2820; x_wconf 86' lang='lat' dir='ltr'>vectos,</span> <span class='ocrx_word' id='word_1_226' title='bbox 1175 2769 1333 2823; x_wconf 88' lang='lat' dir='ltr'>comparans</span> 
     </span>
     <span class='ocr_line' id='line_1_27' title="bbox 150 2820 1334 2891; baseline 0 -15"><span class='ocrx_word' id='word_1_227' title='bbox 150 2822 202 2883; x_wconf 87' lang='lat' dir='ltr'>XI,</span> <span class='ocrx_word' id='word_1_228' title='bbox 223 2825 285 2875; x_wconf 77' lang='grc'><strong>465.</strong></span> <span class='ocrx_word' id='word_1_229' title='bbox 306 2851 336 2857; x_wconf 93' lang='grc'>-</span> <span class='ocrx_word' id='word_1_230' title='bbox 356 2821 460 2887; x_wconf 77' lang='lat' dir='ltr'>„aubi</span> <span class='ocrx_word' id='word_1_231' title='bbox 485 2838 567 2875; x_wconf 75' lang='lat' dir='ltr'>erras</span> <span class='ocrx_word' id='word_1_232' title='bbox 596 2820 640 2885; x_wconf 85' lang='lat' dir='ltr'>(cl.</span> <span class='ocrx_word' id='word_1_233' title='bbox 669 2821 740 2876; x_wconf 78' lang='lat' dir='ltr'>infra</span> <span class='ocrx_word' id='word_1_234' title='bbox 756 2821 831 2887; x_wconf 88' lang='lat' dir='ltr'>VIII,</span> <span class='ocrx_word' id='word_1_235' title='bbox 852 2823 921 2887; x_wconf 82' lang='lat'>293.)</span> <span class='ocrx_word' id='word_1_236' title='bbox 941 2820 1127 2876; x_wconf 78' lang='lat' dir='ltr'>Centauros</span> <span class='ocrx_word' id='word_1_237' title='bbox 1155 2837 1217 2876; x_wconf 84' lang='lat' dir='ltr'>cum</span> <span class='ocrx_word' id='word_1_238' title='bbox 1245 2822 1334 2891; x_wconf 85' lang='lat' dir='ltr'>prisea</span> 
     </span>
     <span class='ocr_line' id='line_1_28' title="bbox 152 2837 1333 2969; baseline -0.001 -25"><span class='ocrx_word' id='word_1_239' title='bbox 152 2889 286 2969; x_wconf 76' lang='lat' dir='ltr'>loquendi</span> <span class='ocrx_word' id='word_1_240' title='bbox 307 2887 376 2941; x_wconf 88' lang='lat' dir='ltr'>ratio</span> <span class='ocrx_word' id='word_1_241' title='bbox 394 2837 567 2967; x_wconf 78' lang='lat' dir='ltr'>appellasset,</span> <span class='ocrx_word' id='word_1_242' title='bbox 597 2889 668 2958; x_wconf 89' lang='lat' dir='ltr'>quod</span> <span class='ocrx_word' id='word_1_243' title='bbox 700 2889 849 2943; x_wconf 87' lang='lat' dir='ltr'>altissimos</span> <span class='ocrx_word' id='word_1_244' title='bbox 867 2890 1020 2969; x_wconf 77' lang='lat' dir='ltr'>Thessaliae</span> <span class='ocrx_word' id='word_1_245' title='bbox 1037 2892 1142 2945; x_wconf 89' lang='lat' dir='ltr'>montes</span> <span class='ocrx_word' id='word_1_246' title='bbox 1158 2890 1230 2947; x_wconf 90' lang='lat' dir='ltr'>intra</span> <span class='ocrx_word' id='word_1_247' title='bbox 1247 2890 1333 2969; x_wconf 79' lang='lat' dir='ltr'>nubes</span> 
     </span>
     <span class='ocr_line' id='line_1_29' title="bbox 152 2956 1333 3027; baseline -0.001 -16"><span class='ocrx_word' id='word_1_248' title='bbox 152 2958 291 3021; x_wconf 76' lang='lat' dir='ltr'>conditos,</span> <span class='ocrx_word' id='word_1_249' title='bbox 323 2956 468 3025; x_wconf 80' lang='lat' dir='ltr'>exquibus</span> <span class='ocrx_word' id='word_1_250' title='bbox 490 2957 541 3009; x_wconf 74' lang='lat' dir='ltr'>ott</span> <span class='ocrx_word' id='word_1_251' title='bbox 575 2959 635 3010; x_wconf 81' lang='lat' dir='ltr'>aet</span> <span class='ocrx_word' id='word_1_252' title='bbox 652 2957 772 3011; x_wconf 85' lang='lat' dir='ltr'>Homole</span> <span class='ocrx_word' id='word_1_253' title='bbox 790 2960 863 3020; x_wconf 87' lang='lat' dir='ltr'>snnt,</span> <span class='ocrx_word' id='word_1_254' title='bbox 893 2957 1064 3012; x_wconf 79' lang='lat' dir='ltr'>&#39;uhabrtabat</span> <span class='ocrx_word' id='word_1_255' title='bbox 1080 2974 1146 3027; x_wconf 89' lang='lat' dir='ltr'>gens</span> <span class='ocrx_word' id='word_1_256' title='bbox 1165 2957 1223 3011; x_wconf 87' lang='lat' dir='ltr'>fera</span> <span class='ocrx_word' id='word_1_257' title='bbox 1240 2959 1269 3010; x_wconf 89' lang='lat' dir='ltr'>et</span> <span class='ocrx_word' id='word_1_258' title='bbox 1286 2956 1333 3011; x_wconf 78' lang='lat' dir='ltr'>sil·</span> 
     </span>
     <span class='ocr_line' id='line_1_30' title="bbox 153 2976 1333 3095; baseline -0.002 -16"><span class='ocrx_word' id='word_1_259' title='bbox 153 3026 264 3085; x_wconf 80' lang='lat' dir='ltr'>vestris,</span> <span class='ocrx_word' id='word_1_260' title='bbox 285 3052 326 3063; x_wconf 94' lang='lat'>-·</span> <span class='ocrx_word' id='word_1_261' title='bbox 344 3040 428 3091; x_wconf 89' lang='lat' dir='ltr'>genus</span> <span class='ocrx_word' id='word_1_262' title='bbox 447 3040 538 3077; x_wconf 88' lang='lat' dir='ltr'>eorum</span> <span class='ocrx_word' id='word_1_263' title='bbox 568 3023 650 3077; x_wconf 91' lang='lat' dir='ltr'>abula</span> <span class='ocrx_word' id='word_1_264' title='bbox 668 3024 761 3094; x_wconf 89' lang='lat' dir='ltr'>[qnam</span> <span class='ocrx_word' id='word_1_265' title='bbox 778 3026 862 3078; x_wconf 87' lang='lat' dir='ltr'>etiam</span> <span class='ocrx_word' id='word_1_266' title='bbox 879 2976 986 3079; x_wconf 51' lang='lat' dir='ltr'>Cervius</span> <span class='ocrx_word' id='word_1_267' title='bbox 1004 3026 1135 3095; x_wconf 90' lang='lat' dir='ltr'>sequitur]</span> <span class='ocrx_word' id='word_1_268' title='bbox 1166 3024 1274 3077; x_wconf 90' lang='lat' dir='ltr'>anube</span> <span class='ocrx_word' id='word_1_269' title='bbox 1292 3040 1333 3077; x_wconf 91' lang='lat' dir='ltr'>re·</span> 
     </span>
     <span class='ocr_line' id='line_1_31' title="bbox 152 3090 1333 3163; baseline -0.002 -17"><span class='ocrx_word' id='word_1_270' title='bbox 152 3093 246 3163; x_wconf 87' lang='lat' dir='ltr'>petiit,</span> <span class='ocrx_word' id='word_1_271' title='bbox 277 3107 360 3160; x_wconf 88' lang='lat' dir='ltr'>qnam</span> <span class='ocrx_word' id='word_1_272' title='bbox 376 3091 452 3144; x_wconf 85' lang='lat' dir='ltr'>Ixion</span> <span class='ocrx_word' id='word_1_273' title='bbox 474 3107 521 3160; x_wconf 90' lang='lat' dir='ltr'>pro</span> <span class='ocrx_word' id='word_1_274' title='bbox 541 3093 642 3146; x_wconf 88' lang='lat' dir='ltr'>Iunone</span> <span class='ocrx_word' id='word_1_275' title='bbox 660 3096 719 3146; x_wconf 88' lang='lat' dir='ltr'>erat</span> <span class='ocrx_word' id='word_1_276' title='bbox 736 3093 903 3161; x_wconf 84' lang='lat' dir='ltr'>amplexus.“</span> <span class='ocrx_word' id='word_1_277' title='bbox 939 3092 1027 3160; x_wconf 73' lang='lat' dir='ltr'>Heu.</span> <span class='ocrx_word' id='word_1_278' title='bbox 1065 3092 1142 3146; x_wconf 91' lang='lat' dir='ltr'>Iahn.</span> <span class='ocrx_word' id='word_1_279' title='bbox 1162 3090 1196 3144; x_wconf 84' lang='lat' dir='ltr'>ad</span> <span class='ocrx_word' id='word_1_280' title='bbox 1214 3090 1278 3146; x_wconf 87' lang='lat' dir='ltr'>Gco.</span> <span class='ocrx_word' id='word_1_281' title='bbox 1296 3090 1333 3158; x_wconf 94' lang='grc' dir='ltr'>Π,</span> 
     </span>
     <span class='ocr_line' id='line_1_32' title="bbox 154 3112 1332 3236; baseline -0.003 -22"><span class='ocrx_word' id='word_1_282' title='bbox 154 3164 180 3222; x_wconf 78' lang='grc'>8,</span> <span class='ocrx_word' id='word_1_283' title='bbox 201 3178 228 3229; x_wconf 91' lang='lat' dir='ltr'>p.</span> <span class='ocrx_word' id='word_1_284' title='bbox 248 3163 307 3213; x_wconf 74' lang='lat' dir='ltr'>tet.</span> <span class='ocrx_word' id='word_1_285' title='bbox 330 3158 371 3236; x_wconf 82' lang='lat' dir='ltr'>ed.</span> <span class='ocrx_word' id='word_1_286' title='bbox 389 3159 426 3212; x_wconf 91' lang='lat'>11.</span> <span class='ocrx_word' id='word_1_287' title='bbox 454 3158 523 3212; x_wconf 84' lang='lat' dir='ltr'>male</span> <span class='ocrx_word' id='word_1_288' title='bbox 554 3158 674 3213; x_wconf 86' lang='lat' dir='ltr'>defendit</span> <span class='ocrx_word' id='word_1_289' title='bbox 705 3160 784 3212; x_wconf 88' lang='lat' dir='ltr'>unius</span> <span class='ocrx_word' id='word_1_290' title='bbox 802 3160 868 3213; x_wconf 88' lang='lat' dir='ltr'>Cod.</span> <span class='ocrx_word' id='word_1_291' title='bbox 888 3158 958 3213; x_wconf 83' lang='lat' dir='ltr'>bled.</span> <span class='ocrx_word' id='word_1_292' title='bbox 985 3112 1129 3236; x_wconf 82' lang='lat' dir='ltr'>lectionem</span> <span class='ocrx_word' id='word_1_293' title='bbox 1149 3159 1332 3222; x_wconf 79' lang='lat' dir='ltr'>Discenduot,</span> 
     </span>
     <span class='ocr_line' id='line_1_33' title="bbox 154 3226 1334 3349; baseline 0.001 -72"><span class='ocrx_word' id='word_1_294' title='bbox 154 3243 321 3349; x_wconf 56' lang='lat' dir='ltr'>{lfflqugentl</span> <span class='ocrx_word' id='word_1_295' title='bbox 353 3242 382 3277; x_wconf 88' lang='grc' dir='ltr'>ιιι</span> <span class='ocrx_word' id='word_1_296' title='bbox 414 3229 554 3346; x_wconf 54' lang='grc' dir='ltr'>Ἥιιῒεῇῒιι,</span> <span class='ocrx_word' id='word_1_297' title='bbox 570 3227 858 3347; x_wconf 57' lang='lat' dir='ltr'>rlqtinqitEeeteffmm</span> <span class='ocrx_word' id='word_1_298' title='bbox 877 3226 1014 3347; x_wconf 53' lang='lat' dir='ltr'>fllqbroqqqr</span> <span class='ocrx_word' id='word_1_299' title='bbox 1033 3226 1334 3346; x_wconf 55' lang='lat' dir='ltr'>sqqpmqamvffeaqqq-</span> 
     </span>
    </p>

    <p class='ocr_par' dir='ltr' id='par_1_5' title="bbox 152 3310 1362 5058">
     <span class='ocr_line' id='line_1_34' title="bbox 226 3310 1334 3358; baseline -0.002 -10"><span class='ocrx_word' id='word_1_300' title='bbox 226 3341 230 3348; x_wconf 90' lang='lat'>.</span> <span class='ocrx_word' id='word_1_301' title='bbox 317 3310 396 3347; x_wconf 86' lang='lat' dir='ltr'>crum</span> <span class='ocrx_word' id='word_1_302' title='bbox 445 3311 459 3347; x_wconf 92' lang='lat' dir='ltr'>e</span> <span class='ocrx_word' id='word_1_303' title='bbox 514 3312 574 3348; x_wconf 87' lang='lat' dir='ltr'>omo</span> <span class='ocrx_word' id='word_1_304' title='bbox 634 3311 667 3348; x_wconf 90' lang='lat' dir='ltr'>c.</span> <span class='ocrx_word' id='word_1_305' title='bbox 709 3310 747 3347; x_wconf 89' lang='lat' dir='ltr'>nr.</span> <span class='ocrx_word' id='word_1_306' title='bbox 794 3310 845 3347; x_wconf 87' lang='lat' dir='ltr'>erc.</span> <span class='ocrx_word' id='word_1_307' title='bbox 908 3311 928 3348; x_wconf 89' lang='lat' dir='ltr'>r.</span> <span class='ocrx_word' id='word_1_308' title='bbox 1010 3338 1014 3346; x_wconf 94' lang='lat'>.</span> <span class='ocrx_word' id='word_1_309' title='bbox 1087 3310 1153 3347; x_wconf 85' lang='lat' dir='ltr'>coc.</span> <span class='ocrx_word' id='word_1_310' title='bbox 1238 3334 1244 3358; x_wconf 88' lang='lat'><strong>‚</strong></span> <span class='ocrx_word' id='word_1_311' title='bbox 1327 3333 1334 3346; x_wconf 94' lang='lat'>.</span> 
     </span>
     <span class='ocr_line' id='line_1_35' title="bbox 154 3359 1334 3430; baseline -0.004 -12"><span class='ocrx_word' id='word_1_312' title='bbox 154 3364 246 3418; x_wconf 84' lang='lat' dir='ltr'>Strab.</span> <span class='ocrx_word' id='word_1_313' title='bbox 265 3362 313 3415; x_wconf 85' lang='lat' dir='ltr'>IX.</span> <span class='ocrx_word' id='word_1_314' title='bbox 353 3364 437 3415; x_wconf 78' lang='grc'><strong>.443.</strong></span> <span class='ocrx_word' id='word_1_315' title='bbox 455 3360 534 3415; x_wconf 89' lang='lat' dir='ltr'>Paus.</span> <span class='ocrx_word' id='word_1_316' title='bbox 550 3362 599 3423; x_wconf 87' lang='lat' dir='ltr'>IX,</span> <span class='ocrx_word' id='word_1_317' title='bbox 619 3365 643 3427; x_wconf 81' lang='grc'>6,</span> <span class='ocrx_word' id='word_1_318' title='bbox 662 3366 685 3415; x_wconf 85' lang='grc'>3.</span> <span class='ocrx_word' id='word_1_319' title='bbox 704 3364 732 3416; x_wconf 89' lang='lat' dir='ltr'>et</span> <span class='ocrx_word' id='word_1_320' title='bbox 744 3360 837 3430; x_wconf 86' lang='lat' dir='ltr'>Steph.</span> <span class='ocrx_word' id='word_1_321' title='bbox 858 3361 920 3430; x_wconf 80' lang='lat' dir='ltr'>Byz.</span> <span class='ocrx_word' id='word_1_322' title='bbox 941 3379 966 3430; x_wconf 90' lang='lat' dir='ltr'>p.</span> <span class='ocrx_word' id='word_1_323' title='bbox 986 3364 1040 3414; x_wconf 75' lang='grc'>616,</span> <span class='ocrx_word' id='word_1_324' title='bbox 1071 3360 1104 3414; x_wconf 92' lang='lat' dir='ltr'>de</span> <span class='ocrx_word' id='word_1_325' title='bbox 1123 3359 1223 3427; x_wconf 72' lang='lat' dir='ltr'>Othrya</span> <span class='ocrx_word' id='word_1_326' title='bbox 1242 3363 1334 3414; x_wconf 89' lang='lat' dir='ltr'>antem</span> 
     </span>
     <span class='ocr_line' id='line_1_36' title="bbox 156 3378 1334 3506; baseline -0.003 -22"><span class='ocrx_word' id='word_1_327' title='bbox 156 3436 164 3495; x_wconf 89' lang='lat'><strong>(</strong></span> <span class='ocrx_word' id='word_1_328' title='bbox 184 3431 212 3484; x_wconf 90' lang='lat' dir='ltr'>ui</span> <span class='ocrx_word' id='word_1_329' title='bbox 231 3446 304 3483; x_wconf 89' lang='lat' dir='ltr'>nunc</span> <span class='ocrx_word' id='word_1_330' title='bbox 324 3378 424 3481; x_wconf 63' lang='lat' dir='ltr'>Caura</span> <span class='ocrx_word' id='word_1_331' title='bbox 443 3431 471 3482; x_wconf 93' lang='lat' dir='ltr'>et</span> <span class='ocrx_word' id='word_1_332' title='bbox 488 3429 589 3483; x_wconf 80' lang='lat' dir='ltr'>Ieralco</span> <span class='ocrx_word' id='word_1_333' title='bbox 608 3429 716 3506; x_wconf 78' lang='lat' dir='ltr'>dicItur)</span> <span class='ocrx_word' id='word_1_334' title='bbox 734 3429 798 3482; x_wconf 91' lang='lat' dir='ltr'>Hes.</span> <span class='ocrx_word' id='word_1_335' title='bbox 817 3427 867 3482; x_wconf 88' lang='lat' dir='ltr'>Th.</span> <span class='ocrx_word' id='word_1_336' title='bbox 886 3431 944 3482; x_wconf 83' lang='lat'>632.</span> <span class='ocrx_word' id='word_1_337' title='bbox 967 3402 1067 3482; x_wconf 87' lang='lat' dir='ltr'>Herod.</span> <span class='ocrx_word' id='word_1_338' title='bbox 1087 3427 1147 3492; x_wconf 87' lang='lat' dir='ltr'>VH,</span> <span class='ocrx_word' id='word_1_339' title='bbox 1171 3432 1225 3482; x_wconf 81' lang='lat'>129.</span> <span class='ocrx_word' id='word_1_340' title='bbox 1244 3428 1334 3482; x_wconf 87' lang='lat' dir='ltr'>Strab.</span> 
     </span>
     <span class='ocr_line' id='line_1_37' title="bbox 156 3448 1333 3566; baseline -0.003 -14"><span class='ocrx_word' id='word_1_341' title='bbox 156 3448 230 3552; x_wconf 62' lang='lat' dir='ltr'>xdlll.</span> <span class='ocrx_word' id='word_1_342' title='bbox 250 3514 277 3566; x_wconf 90' lang='lat' dir='ltr'>p.</span> <span class='ocrx_word' id='word_1_343' title='bbox 297 3500 357 3550; x_wconf 85' lang='grc'><strong>356.</strong></span> <span class='ocrx_word' id='word_1_344' title='bbox 387 3495 436 3549; x_wconf 83' lang='lat' dir='ltr'>IX.</span> <span class='ocrx_word' id='word_1_345' title='bbox 453 3513 479 3565; x_wconf 94' lang='lat' dir='ltr'>p.</span> <span class='ocrx_word' id='word_1_346' title='bbox 498 3500 547 3550; x_wconf 80' lang='lat'>432</span> <span class='ocrx_word' id='word_1_347' title='bbox 566 3514 604 3566; x_wconf 88' lang='lat' dir='ltr'>sq.</span> <span class='ocrx_word' id='word_1_348' title='bbox 622 3496 692 3550; x_wconf 92' lang='lat' dir='ltr'>Phn.</span> <span class='ocrx_word' id='word_1_349' title='bbox 713 3497 759 3559; x_wconf 86' lang='lat' dir='ltr'>lv,</span> <span class='ocrx_word' id='word_1_350' title='bbox 778 3501 802 3563; x_wconf 85' lang='lat'>8,</span> <span class='ocrx_word' id='word_1_351' title='bbox 825 3500 863 3550; x_wconf 87' lang='lat'>15.</span> <span class='ocrx_word' id='word_1_352' title='bbox 883 3495 930 3550; x_wconf 87' lang='lat' dir='ltr'>alii</span> <span class='ocrx_word' id='word_1_353' title='bbox 948 3499 976 3549; x_wconf 91' lang='lat' dir='ltr'>et</span> <span class='ocrx_word' id='word_1_354' title='bbox 992 3496 1061 3551; x_wconf 88' lang='lat' dir='ltr'>liber</span> <span class='ocrx_word' id='word_1_355' title='bbox 1078 3512 1154 3550; x_wconf 90' lang='lat' dir='ltr'>meus</span> <span class='ocrx_word' id='word_1_356' title='bbox 1171 3512 1263 3565; x_wconf 82' lang='lat' dir='ltr'>geogr.</span> <span class='ocrx_word' id='word_1_357' title='bbox 1280 3495 1333 3549; x_wconf 89' lang='lat' dir='ltr'>Ill.</span> 
     </span>
     <span class='ocr_line' id='line_1_38' title="bbox 175 3563 1334 3633; baseline -0.002 -15"><span class='ocrx_word' id='word_1_358' title='bbox 175 3609 181 3618; x_wconf 90' lang='lat'>.</span> <span class='ocrx_word' id='word_1_359' title='bbox 201 3569 262 3620; x_wconf 77' lang='lat'>857.</span> <span class='ocrx_word' id='word_1_360' title='bbox 297 3564 368 3617; x_wconf 82' lang='lat' dir='ltr'>Cum</span> <span class='ocrx_word' id='word_1_361' title='bbox 385 3565 478 3619; x_wconf 81' lang='lat' dir='ltr'>Aecus.</span> <span class='ocrx_word' id='word_1_362' title='bbox 500 3564 636 3631; x_wconf 74' lang='lat' dir='ltr'>Othrym</span> <span class='ocrx_word' id='word_1_363' title='bbox 654 3564 687 3618; x_wconf 83' lang='lat' dir='ltr'>ef.</span> <span class='ocrx_word' id='word_1_364' title='bbox 707 3564 778 3618; x_wconf 81' lang='lat' dir='ltr'>intra</span> <span class='ocrx_word' id='word_1_365' title='bbox 795 3563 843 3627; x_wconf 89' lang='lat' dir='ltr'>IX,</span> <span class='ocrx_word' id='word_1_366' title='bbox 865 3567 923 3617; x_wconf 80' lang='grc'><strong>765.</strong></span> <span class='ocrx_word' id='word_1_367' title='bbox 946 3564 1051 3633; x_wconf 79' lang='lat' dir='ltr'>Halym</span> <span class='ocrx_word' id='word_1_368' title='bbox 1067 3564 1104 3617; x_wconf 90' lang='lat' dir='ltr'>ibi</span> <span class='ocrx_word' id='word_1_369' title='bbox 1123 3580 1157 3617; x_wconf 91' lang='lat' dir='ltr'>nc</span> <span class='ocrx_word' id='word_1_370' title='bbox 1176 3564 1281 3618; x_wconf 90' lang='lat' dir='ltr'>adnott.</span> <span class='ocrx_word' id='word_1_371' title='bbox 1300 3595 1334 3603; x_wconf 90' lang='lat'><em>-</em></span> 
     </span>
     <span class='ocr_line' id='line_1_39' title="bbox 155 3583 1335 3700; baseline -0.002 -15"><span class='ocrx_word' id='word_1_372' title='bbox 155 3583 220 3693; x_wconf 65' lang='lat' dir='ltr'>l&#39;l&#39;l.</span> <span class='ocrx_word' id='word_1_373' title='bbox 254 3630 355 3685; x_wconf 80' lang='lat' dir='ltr'>Silve</span> <span class='ocrx_word' id='word_1_374' title='bbox 385 3633 414 3684; x_wconf 89' lang='lat' dir='ltr'>ct</span> <span class='ocrx_word' id='word_1_375' title='bbox 444 3632 599 3698; x_wconf 72' lang='lat' dir='ltr'>virgulta</span> <span class='ocrx_word' id='word_1_376' title='bbox 626 3632 719 3685; x_wconf 85' lang='lat' dir='ltr'>eadem</span> <span class='ocrx_word' id='word_1_377' title='bbox 738 3631 841 3685; x_wconf 89' lang='lat' dir='ltr'>ratione</span> <span class='ocrx_word' id='word_1_378' title='bbox 860 3631 1058 3700; x_wconf 88' lang='lat' dir='ltr'>coniunguntur</span> <span class='ocrx_word' id='word_1_379' title='bbox 1131 3634 1214 3694; x_wconf 74' lang='lat'>,522</span> <span class='ocrx_word' id='word_1_380' title='bbox 1233 3661 1266 3669; x_wconf 96' lang='lat'>—</span> <span class='ocrx_word' id='word_1_381' title='bbox 1285 3647 1335 3684; x_wconf 85' lang='lat' dir='ltr'>ee·</span> 
     </span>
     <span class='ocr_line' id='line_1_40' title="bbox 156 3697 1334 3767; baseline -0.003 -13"><span class='ocrx_word' id='word_1_382' title='bbox 156 3703 238 3754; x_wconf 78' lang='lat' dir='ltr'>dant</span> <span class='ocrx_word' id='word_1_383' title='bbox 255 3700 310 3752; x_wconf 83' lang='lat' dir='ltr'>vir</span> <span class='ocrx_word' id='word_1_384' title='bbox 339 3699 428 3761; x_wconf 80' lang='lat' dir='ltr'>utta,</span> <span class='ocrx_word' id='word_1_385' title='bbox 452 3714 487 3753; x_wconf 89' lang='lat' dir='ltr'>so.</span> <span class='ocrx_word' id='word_1_386' title='bbox 525 3700 748 3767; x_wconf 87' lang='lat' dir='ltr'>crrnmpentibns,</span> <span class='ocrx_word' id='word_1_387' title='bbox 767 3717 883 3767; x_wconf 68' lang='lat' dir='ltr'>maeno</span> <span class='ocrx_word' id='word_1_388' title='bbox 902 3701 1057 3767; x_wconf 67' lang='lat' dir='ltr'>fragore,</span> <span class='ocrx_word' id='word_1_389' title='bbox 1087 3701 1202 3767; x_wconf 90' lang='lat' dir='ltr'>utapro</span> <span class='ocrx_word' id='word_1_390' title='bbox 1220 3697 1334 3766; x_wconf 83' lang='lat' dir='ltr'>Calydo-</span> 
     </span>
     <span class='ocr_line' id='line_1_41' title="bbox 156 3718 1334 3847; baseline -0.003 -25"><span class='ocrx_word' id='word_1_391' title='bbox 156 3769 198 3822; x_wconf 89' lang='lat' dir='ltr'>nio</span> <span class='ocrx_word' id='word_1_392' title='bbox 215 3767 290 3836; x_wconf 88' lang='lat' dir='ltr'>apud</span> <span class='ocrx_word' id='word_1_393' title='bbox 311 3718 389 3845; x_wconf 71' lang='lat' dir='ltr'>Cvid.</span> <span class='ocrx_word' id='word_1_394' title='bbox 406 3765 471 3819; x_wconf 84' lang='lat' dir='ltr'>Met.</span> <span class='ocrx_word' id='word_1_395' title='bbox 514 3766 565 3830; x_wconf 91' lang='lat' dir='ltr'>III,</span> <span class='ocrx_word' id='word_1_396' title='bbox 585 3771 643 3845; x_wconf 66' lang='lat' dir='ltr'>3t0.</span> <span class='ocrx_word' id='word_1_397' title='bbox 675 3767 812 3820; x_wconf 70' lang='lat' dir='ltr'>Sternit-ur</span> <span class='ocrx_word' id='word_1_398' title='bbox 830 3767 949 3847; x_wconf 65' lang='lat' dir='ltr'>impactae</span> <span class='ocrx_word' id='word_1_399' title='bbox 966 3785 1059 3820; x_wconf 71' lang='lat' dir='ltr'>amaria</span> <span class='ocrx_word' id='word_1_400' title='bbox 1075 3774 1101 3820; x_wconf 87' lang='lat' dir='ltr'>et</span> <span class='ocrx_word' id='word_1_401' title='bbox 1114 3768 1253 3837; x_wconf 78' lang='lat' dir='ltr'>propulsa</span> <span class='ocrx_word' id='word_1_402' title='bbox 1270 3767 1334 3830; x_wconf 77' lang='lat' dir='ltr'>fra·</span> 
     </span>
     <span class='ocr_line' id='line_1_42' title="bbox 154 3833 1332 3903; baseline -0.002 -14"><span class='ocrx_word' id='word_1_403' title='bbox 154 3853 247 3903; x_wconf 77' lang='lat' dir='ltr'>parem</span> <span class='ocrx_word' id='word_1_404' title='bbox 269 3836 331 3886; x_wconf 85' lang='lat' dir='ltr'>Dat</span> <span class='ocrx_word' id='word_1_405' title='bbox 348 3835 429 3887; x_wconf 78' lang='lat' dir='ltr'>alca.</span> <span class='ocrx_word' id='word_1_406' title='bbox 464 3833 549 3901; x_wconf 75' lang='lat' dir='ltr'>Heyn.</span> <span class='ocrx_word' id='word_1_407' title='bbox 573 3850 661 3886; x_wconf 79' lang='lat' dir='ltr'>minus</span> <span class='ocrx_word' id='word_1_408' title='bbox 679 3837 750 3888; x_wconf 88' lang='lat' dir='ltr'>reete</span> <span class='ocrx_word' id='word_1_409' title='bbox 768 3850 825 3887; x_wconf 86' lang='lat' dir='ltr'>voe.</span> <span class='ocrx_word' id='word_1_410' title='bbox 845 3835 966 3901; x_wconf 67' lang='lat' dir='ltr'>aaronita</span> <span class='ocrx_word' id='word_1_411' title='bbox 984 3852 1031 3903; x_wconf 92' lang='lat' dir='ltr'>pro</span> <span class='ocrx_word' id='word_1_412' title='bbox 1048 3833 1117 3888; x_wconf 86' lang='lat' dir='ltr'>silva</span> <span class='ocrx_word' id='word_1_413' title='bbox 1134 3834 1253 3903; x_wconf 90' lang='lat' dir='ltr'>positnm</span> <span class='ocrx_word' id='word_1_414' title='bbox 1272 3849 1332 3888; x_wconf 90' lang='lat' dir='ltr'>cen·</span> 
     </span>
     <span class='ocr_line' id='line_1_43' title="bbox 155 3900 1335 3971; baseline -0.003 -15"><span class='ocrx_word' id='word_1_415' title='bbox 155 3908 196 3956; x_wconf 84' lang='lat' dir='ltr'>set</span> <span class='ocrx_word' id='word_1_416' title='bbox 225 3902 288 3956; x_wconf 83' lang='lat' dir='ltr'>coll</span> <span class='ocrx_word' id='word_1_417' title='bbox 317 3901 382 3955; x_wconf 83' lang='lat' dir='ltr'>Geo.</span> <span class='ocrx_word' id='word_1_418' title='bbox 414 3900 450 3964; x_wconf 89' lang='grc' dir='ltr'>ΙΙ,</span> <span class='ocrx_word' id='word_1_419' title='bbox 480 3905 536 3955; x_wconf 81' lang='lat'>328.</span> <span class='ocrx_word' id='word_1_420' title='bbox 568 3904 596 3954; x_wconf 91' lang='lat' dir='ltr'>et</span> <span class='ocrx_word' id='word_1_421' title='bbox 612 3902 693 3955; x_wconf 87' lang='lat' dir='ltr'>Lucr.</span> <span class='ocrx_word' id='word_1_422' title='bbox 711 3902 743 3963; x_wconf 88' lang='lat' dir='ltr'>V,</span> <span class='ocrx_word' id='word_1_423' title='bbox 768 3905 825 3954; x_wconf 81' lang='grc'><strong>933.</strong></span> <span class='ocrx_word' id='word_1_424' title='bbox 847 3905 920 3955; x_wconf 80' lang='grc'><strong>1365.</strong></span> <span class='ocrx_word' id='word_1_425' title='bbox 955 3902 1099 3955; x_wconf 88' lang='lat' dir='ltr'>Verissime</span> <span class='ocrx_word' id='word_1_426' title='bbox 1130 3903 1199 3955; x_wconf 89' lang='lat' dir='ltr'>enim</span> <span class='ocrx_word' id='word_1_427' title='bbox 1229 3901 1335 3971; x_wconf 87' lang='lat' dir='ltr'>quaerit</span> 
     </span>
     <span class='ocr_line' id='line_1_44' title="bbox 161 3968 1333 4039; baseline -0.004 -15"><span class='ocrx_word' id='word_1_428' title='bbox 161 3971 273 4039; x_wconf 63' lang='lat' dir='ltr'>Wagn..-</span> <span class='ocrx_word' id='word_1_429' title='bbox 302 3968 392 4034; x_wconf 85' lang='lat' dir='ltr'>„Num</span> <span class='ocrx_word' id='word_1_430' title='bbox 425 3968 509 4035; x_wconf 87' lang='lat' dir='ltr'>igitur</span> <span class='ocrx_word' id='word_1_431' title='bbox 539 3968 696 4038; x_wconf 87' lang='lat' dir='ltr'>putabimus</span> <span class='ocrx_word' id='word_1_432' title='bbox 724 3969 834 4023; x_wconf 89' lang='lat' dir='ltr'>arbores</span> <span class='ocrx_word' id='word_1_433' title='bbox 853 3969 887 4022; x_wconf 87' lang='lat' dir='ltr'>ab</span> <span class='ocrx_word' id='word_1_434' title='bbox 906 3968 960 4022; x_wconf 89' lang='lat' dir='ltr'>illis</span> <span class='ocrx_word' id='word_1_435' title='bbox 978 3969 1147 4023; x_wconf 87' lang='lat' dir='ltr'>currentibus</span> <span class='ocrx_word' id='word_1_436' title='bbox 1166 3968 1266 4021; x_wconf 84' lang='lat' dir='ltr'>fractas</span> <span class='ocrx_word' id='word_1_437' title='bbox 1285 3969 1333 4020; x_wconf 90' lang='lat' dir='ltr'>aut</span> 
     </span>
     <span class='ocr_line' id='line_1_45' title="bbox 172 4034 1333 4115; baseline -0.003 -24"><span class='ocrx_word' id='word_1_438' title='bbox 172 4036 354 4115; x_wconf 61' lang='lat' dir='ltr'>rostratasl“</span> <span class='ocrx_word' id='word_1_439' title='bbox 389 4035 510 4115; x_wconf 79' lang='lat' dir='ltr'>Accedit,</span> <span class='ocrx_word' id='word_1_440' title='bbox 543 4036 614 4105; x_wconf 90' lang='lat' dir='ltr'>quod</span> <span class='ocrx_word' id='word_1_441' title='bbox 644 4039 702 4115; x_wconf 84' lang='lat' dir='ltr'>tnm</span> <span class='ocrx_word' id='word_1_442' title='bbox 731 4052 815 4115; x_wconf 79' lang='lat' dir='ltr'>unum</span> <span class='ocrx_word' id='word_1_443' title='bbox 848 4036 970 4089; x_wconf 85' lang='lat' dir='ltr'>idemne</span> <span class='ocrx_word' id='word_1_444' title='bbox 997 4037 1038 4090; x_wconf 91' lang='lat' dir='ltr'>bis</span> <span class='ocrx_word' id='word_1_445' title='bbox 1058 4035 1161 4089; x_wconf 89' lang='lat' dir='ltr'>dictum</span> <span class='ocrx_word' id='word_1_446' title='bbox 1179 4034 1333 4088; x_wconf 88' lang='lat' dir='ltr'>statuimus.</span> 
     </span>
     <span class='ocr_line' id='line_1_46' title="bbox 154 4101 1335 4249; baseline -0.003 -24"><span class='ocrx_word' id='word_1_447' title='bbox 154 4123 252 4228; x_wconf 64' lang='lat' dir='ltr'>,tet</span> <span class='ocrx_word' id='word_1_448' title='bbox 272 4102 988 4248; x_wconf 48' lang='lat' dir='ltr'>ttutttfttttttal?attint</span> <span class='ocrx_word' id='word_1_449' title='bbox 1002 4103 1183 4249; x_wconf 56' lang='lat' dir='ltr'>leitilai</span> <span class='ocrx_word' id='word_1_450' title='bbox 1200 4101 1335 4239; x_wconf 62' lang='lat' dir='ltr'>ittet</span> 
     </span>
     <span class='ocr_line' id='line_1_47' title="bbox 155 4236 1347 4306; baseline -0.003 -12"><span class='ocrx_word' id='word_1_451' title='bbox 155 4246 180 4294; x_wconf 86' lang='lat' dir='ltr'>ct</span> <span class='ocrx_word' id='word_1_452' title='bbox 197 4240 318 4296; x_wconf 83' lang='lat' dir='ltr'>brachiis</span> <span class='ocrx_word' id='word_1_453' title='bbox 337 4240 506 4292; x_wconf 86' lang='lat' dir='ltr'>currentmm</span> <span class='ocrx_word' id='word_1_454' title='bbox 523 4237 584 4291; x_wconf 79' lang='lat' dir='ltr'>tran</span> <span class='ocrx_word' id='word_1_455' title='bbox 624 4242 695 4302; x_wconf 86' lang='lat' dir='ltr'>ntur,</span> <span class='ocrx_word' id='word_1_456' title='bbox 724 4239 845 4306; x_wconf 74' lang='lat' dir='ltr'>virprdto</span> <span class='ocrx_word' id='word_1_457' title='bbox 869 4240 959 4291; x_wconf 89' lang='lat' dir='ltr'>autem</span> <span class='ocrx_word' id='word_1_458' title='bbox 979 4236 1011 4290; x_wconf 91' lang='lat' dir='ltr'>de</span> <span class='ocrx_word' id='word_1_459' title='bbox 1029 4236 1173 4301; x_wconf 79' lang='lat' dir='ltr'>fruticetis,</span> <span class='ocrx_word' id='word_1_460' title='bbox 1204 4252 1272 4305; x_wconf 88' lang='lat' dir='ltr'>qnae</span> <span class='ocrx_word' id='word_1_461' title='bbox 1289 4252 1347 4305; x_wconf 81' lang='lat' dir='ltr'>pe·-</span> 
     </span>
     <span class='ocr_line' id='line_1_48' title="bbox 155 4303 1335 4376; baseline -0.003 -15"><span class='ocrx_word' id='word_1_462' title='bbox 155 4307 232 4363; x_wconf 82' lang='lat' dir='ltr'>dibus</span> <span class='ocrx_word' id='word_1_463' title='bbox 251 4324 345 4362; x_wconf 85' lang='lat' dir='ltr'>eorum</span> <span class='ocrx_word' id='word_1_464' title='bbox 364 4308 547 4376; x_wconf 89' lang='lat' dir='ltr'>proteruntur.</span> <span class='ocrx_word' id='word_1_465' title='bbox 571 4311 573 4315; x_wconf 86' lang='lat'>&#39;</span> <span class='ocrx_word' id='word_1_466' title='bbox 606 4310 709 4360; x_wconf 90' lang='lat' dir='ltr'>eterum</span> <span class='ocrx_word' id='word_1_467' title='bbox 727 4306 879 4374; x_wconf 84' lang='lat' dir='ltr'>Conington</span> <span class='ocrx_word' id='word_1_468' title='bbox 898 4308 987 4374; x_wconf 87' lang='lat' dir='ltr'>putat,</span> <span class='ocrx_word' id='word_1_469' title='bbox 1007 4304 1156 4373; x_wconf 88' lang='lat' dir='ltr'>Vergilium</span> <span class='ocrx_word' id='word_1_470' title='bbox 1173 4303 1218 4359; x_wconf 92' lang='lat' dir='ltr'>hic</span> <span class='ocrx_word' id='word_1_471' title='bbox 1236 4320 1335 4358; x_wconf 89' lang='lat' dir='ltr'>memo·</span> 
     </span>
     <span class='ocr_line' id='line_1_49' title="bbox 155 4370 1333 4450; baseline -0.005 -22"><span class='ocrx_word' id='word_1_472' title='bbox 155 4393 208 4430; x_wconf 79' lang='lat' dir='ltr'>rem</span> <span class='ocrx_word' id='word_1_473' title='bbox 226 4376 313 4432; x_wconf 78' lang='lat' dir='ltr'>tuisse</span> <span class='ocrx_word' id='word_1_474' title='bbox 330 4374 413 4426; x_wconf 90' lang='lat' dir='ltr'>Hom.</span> <span class='ocrx_word' id='word_1_475' title='bbox 433 4372 509 4438; x_wconf 89' lang='lat' dir='ltr'>XIII,</span> <span class='ocrx_word' id='word_1_476' title='bbox 534 4377 587 4426; x_wconf 79' lang='lat' dir='ltr'>tte.</span> <span class='ocrx_word' id='word_1_477' title='bbox 612 4371 684 4439; x_wconf 73' lang='grc' dir='ltr'>’Ὺψι</span> <span class='ocrx_word' id='word_1_478' title='bbox 702 4374 727 4425; x_wconf 79' lang='grc' dir='ltr'>δ’</span> <span class='ocrx_word' id='word_1_479' title='bbox 748 4372 945 4444; x_wconf 71' lang='grc' dir='ltr'><strong><em>ἀναθρώσκων</em></strong></span> <span class='ocrx_word' id='word_1_480' title='bbox 963 4375 1087 4435; x_wconf 70' lang='grc' dir='ltr'>πέτεται,</span> <span class='ocrx_word' id='word_1_481' title='bbox 1108 4377 1220 4426; x_wconf 74' lang='grc' dir='ltr'>κτυπέει</span> <span class='ocrx_word' id='word_1_482' title='bbox 1241 4372 1266 4425; x_wconf 78' lang='grc' dir='ltr'>δ’</span> <span class='ocrx_word' id='word_1_483' title='bbox 1284 4370 1333 4450; x_wconf 50' lang='lat' dir='ltr'>dn:</span> 
     </span>
     <span class='ocr_line' id='line_1_50' title="bbox 155 4438 1334 4510; baseline -0.004 -14"><span class='ocrx_word' id='word_1_484' title='bbox 155 4443 333 4507; x_wconf 62' lang='lat' dir='ltr'>«tronum.</span> <span class='ocrx_word' id='word_1_485' title='bbox 353 4472 387 4480; x_wconf 97' lang='lat'>-</span> <span class='ocrx_word' id='word_1_486' title='bbox 406 4439 465 4500; x_wconf 84' lang='grc'>678</span> <span class='ocrx_word' id='word_1_487' title='bbox 483 4457 541 4509; x_wconf 89' lang='lat' dir='ltr'>sq.</span> <span class='ocrx_word' id='word_1_488' title='bbox 572 4440 611 4495; x_wconf 88' lang='lat' dir='ltr'>De</span> <span class='ocrx_word' id='word_1_489' title='bbox 640 4440 691 4494; x_wconf 91' lang='lat' dir='ltr'>hae</span> <span class='ocrx_word' id='word_1_490' title='bbox 720 4440 814 4495; x_wconf 85' lang='lat' dir='ltr'>fabula</span> <span class='ocrx_word' id='word_1_491' title='bbox 842 4445 951 4510; x_wconf 87' lang='lat' dir='ltr'>praeter</span> <span class='ocrx_word' id='word_1_492' title='bbox 969 4439 1090 4494; x_wconf 84' lang='lat' dir='ltr'>Servium</span> <span class='ocrx_word' id='word_1_493' title='bbox 1108 4440 1194 4509; x_wconf 84' lang='lat' dir='ltr'>Heyn.</span> <span class='ocrx_word' id='word_1_494' title='bbox 1220 4438 1334 4493; x_wconf 80' lang='lat' dir='ltr'>conferri</span> 
     </span>
     <span class='ocr_line' id='line_1_51' title="bbox 154 4458 1362 4577; baseline -0.004 -14"><span class='ocrx_word' id='word_1_495' title='bbox 154 4510 227 4565; x_wconf 82' lang='lat' dir='ltr'>iubet</span> <span class='ocrx_word' id='word_1_496' title='bbox 244 4511 366 4567; x_wconf 84' lang='lat' dir='ltr'>Solinum</span> <span class='ocrx_word' id='word_1_497' title='bbox 400 4526 424 4561; x_wconf 90' lang='lat' dir='ltr'>c.</span> <span class='ocrx_word' id='word_1_498' title='bbox 444 4511 469 4559; x_wconf 81' lang='lat'>2.</span> <span class='ocrx_word' id='word_1_499' title='bbox 499 4458 664 4577; x_wconf 82' lang='lat' dir='ltr'>edenmque</span> <span class='ocrx_word' id='word_1_500' title='bbox 682 4509 794 4563; x_wconf 87' lang='lat' dir='ltr'>Sshnas.</span> <span class='ocrx_word' id='word_1_501' title='bbox 812 4525 839 4577; x_wconf 94' lang='lat' dir='ltr'>p.</span> <span class='ocrx_word' id='word_1_502' title='bbox 856 4511 898 4562; x_wconf 83' lang='lat'>46.</span> <span class='ocrx_word' id='word_1_503' title='bbox 933 4508 1028 4577; x_wconf 89' lang='lat' dir='ltr'>Wagn.</span> <span class='ocrx_word' id='word_1_504' title='bbox 1060 4507 1138 4562; x_wconf 88' lang='lat' dir='ltr'>addit</span> <span class='ocrx_word' id='word_1_505' title='bbox 1155 4506 1334 4561; x_wconf 85' lang='lat' dir='ltr'>Scholiastam</span> <span class='ocrx_word' id='word_1_506' title='bbox 1357 4516 1362 4526; x_wconf 90' lang='grc'><em>“</em></span> 
     </span>
     <span class='ocr_line' id='line_1_52' title="bbox 155 4572 1334 4645; baseline -0.004 -11"><span class='ocrx_word' id='word_1_507' title='bbox 155 4579 223 4634; x_wconf 82' lang='lat' dir='ltr'>llail</span> <span class='ocrx_word' id='word_1_508' title='bbox 244 4612 276 4619; x_wconf 89' lang='lat'>-</span> <span class='ocrx_word' id='word_1_509' title='bbox 296 4575 534 4630; x_wconf 79' lang='lat' dir='ltr'>Praenestina</span> <span class='ocrx_word' id='word_1_510' title='bbox 564 4577 655 4639; x_wconf 83' lang='lat' dir='ltr'>urba,</span> <span class='ocrx_word' id='word_1_511' title='bbox 686 4578 718 4630; x_wconf 89' lang='lat' dir='ltr'>ut</span> <span class='ocrx_word' id='word_1_512' title='bbox 746 4592 829 4645; x_wconf 88' lang='lat' dir='ltr'>supra</span> <span class='ocrx_word' id='word_1_513' title='bbox 858 4592 882 4630; x_wconf 86' lang='lat' dir='ltr'>v.</span> <span class='ocrx_word' id='word_1_514' title='bbox 901 4579 961 4631; x_wconf 82' lang='grc'><strong>662.</strong></span> <span class='ocrx_word' id='word_1_515' title='bbox 990 4577 1125 4645; x_wconf 70' lang='lat' dir='ltr'>Agyllina</span> <span class='ocrx_word' id='word_1_516' title='bbox 1141 4575 1214 4629; x_wconf 80' lang='lat' dir='ltr'>urba.</span> <span class='ocrx_word' id='word_1_517' title='bbox 1248 4572 1334 4641; x_wconf 83' lang='lat' dir='ltr'>lleyn.</span> 
     </span>
     <span class='ocr_line' id='line_1_53' title="bbox 155 4641 1334 4716; baseline -0.006 -15"><span class='ocrx_word' id='word_1_518' title='bbox 155 4664 213 4700; x_wconf 88' lang='lat' dir='ltr'>cum</span> <span class='ocrx_word' id='word_1_519' title='bbox 230 4647 353 4716; x_wconf 80' lang='lat' dir='ltr'>Bryanto</span> <span class='ocrx_word' id='word_1_520' title='bbox 372 4661 416 4698; x_wconf 79' lang='lat' dir='ltr'>vv.</span> <span class='ocrx_word' id='word_1_521' title='bbox 436 4646 494 4697; x_wconf 80' lang='lat' dir='ltr'>tte.</span> <span class='ocrx_word' id='word_1_522' title='bbox 515 4646 541 4696; x_wconf 91' lang='lat' dir='ltr'>et</span> <span class='ocrx_word' id='word_1_523' title='bbox 560 4647 626 4710; x_wconf 72' lang='grc'>686,</span> <span class='ocrx_word' id='word_1_524' title='bbox 657 4660 769 4713; x_wconf 87' lang='lat' dir='ltr'>quornm</span> <span class='ocrx_word' id='word_1_525' title='bbox 798 4642 879 4711; x_wconf 89' lang='lat' dir='ltr'>paulo</span> <span class='ocrx_word' id='word_1_526' title='bbox 895 4644 1036 4712; x_wconf 91' lang='lat' dir='ltr'>abruptior</span> <span class='ocrx_word' id='word_1_527' title='bbox 1054 4644 1091 4696; x_wconf 91' lang='lat' dir='ltr'>sit</span> <span class='ocrx_word' id='word_1_528' title='bbox 1109 4641 1203 4703; x_wconf 88' lang='lat' dir='ltr'>oratio,</span> <span class='ocrx_word' id='word_1_529' title='bbox 1233 4642 1334 4695; x_wconf 84' lang='lat' dir='ltr'>temere</span> 
     </span>
     <span class='ocr_line' id='line_1_54' title="bbox 155 4708 1336 4784; baseline -0.007 -16"><span class='ocrx_word' id='word_1_530' title='bbox 155 4720 291 4784; x_wconf 85' lang='lat' dir='ltr'>suspectos</span> <span class='ocrx_word' id='word_1_531' title='bbox 321 4713 439 4776; x_wconf 88' lang='lat' dir='ltr'>habens,</span> <span class='ocrx_word' id='word_1_532' title='bbox 469 4727 522 4764; x_wconf 92' lang='lat' dir='ltr'>non</span> <span class='ocrx_word' id='word_1_533' title='bbox 545 4727 770 4780; x_wconf 84' lang='lat' dir='ltr'>supervacaneum</span> <span class='ocrx_word' id='word_1_534' title='bbox 790 4726 849 4765; x_wconf 90' lang='lat' dir='ltr'>esse</span> <span class='ocrx_word' id='word_1_535' title='bbox 867 4712 974 4779; x_wconf 85' lang='lat' dir='ltr'>putavit</span> <span class='ocrx_word' id='word_1_536' title='bbox 992 4710 1121 4766; x_wconf 86' lang='lat' dir='ltr'>adnotare</span> <span class='ocrx_word' id='word_1_537' title='bbox 1157 4724 1198 4762; x_wconf 86' lang='lat' dir='ltr'>vv.</span> <span class='ocrx_word' id='word_1_538' title='bbox 1216 4708 1336 4775; x_wconf 62' lang='lat' dir='ltr'>pendam</span> 
     </span>
     <span class='ocr_line' id='line_1_55' title="bbox 155 4750 1332 4854; baseline -0.005 -20"><span class='ocrx_word' id='word_1_539' title='bbox 155 4783 222 4837; x_wconf 79' lang='lat' dir='ltr'>inter</span> <span class='ocrx_word' id='word_1_540' title='bbox 235 4800 347 4854; x_wconf 81' lang='lat' dir='ltr'>pecora</span> <span class='ocrx_word' id='word_1_541' title='bbox 368 4778 560 4847; x_wconf 84' lang='lat' dir='ltr'>coniungenda</span> <span class='ocrx_word' id='word_1_542' title='bbox 577 4796 644 4842; x_wconf 86' lang='lat' dir='ltr'>esse,</span> <span class='ocrx_word' id='word_1_543' title='bbox 663 4795 718 4832; x_wconf 88' lang='lat' dir='ltr'>non</span> <span class='ocrx_word' id='word_1_544' title='bbox 735 4793 824 4846; x_wconf 72' lang='lat' dir='ltr'>rupem</span> <span class='ocrx_word' id='word_1_545' title='bbox 842 4780 913 4832; x_wconf 80' lang='lat' dir='ltr'>inter</span> <span class='ocrx_word' id='word_1_546' title='bbox 949 4797 1039 4841; x_wconf 78' lang='lat' dir='ltr'>caera,</span> <span class='ocrx_word' id='word_1_547' title='bbox 1058 4809 1090 4818; x_wconf 92' lang='lat'><em>-</em></span> <span class='ocrx_word' id='word_1_548' title='bbox 1114 4750 1265 4829; x_wconf 75' lang='lat' dir='ltr'>Volcano</span> <span class='ocrx_word' id='word_1_549' title='bbox 1283 4791 1332 4829; x_wconf 89' lang='lat' dir='ltr'>au-</span> 
     </span>
     <span class='ocr_line' id='line_1_56' title="bbox 154 4798 1336 4911; baseline -0.008 -5"><span class='ocrx_word' id='word_1_550' title='bbox 154 4854 206 4905; x_wconf 86' lang='lat' dir='ltr'>tem</span> <span class='ocrx_word' id='word_1_551' title='bbox 226 4854 335 4906; x_wconf 85' lang='lat' dir='ltr'>sextum</span> <span class='ocrx_word' id='word_1_552' title='bbox 353 4848 459 4902; x_wconf 85' lang='lat' dir='ltr'>Casum</span> <span class='ocrx_word' id='word_1_553' title='bbox 478 4862 544 4911; x_wconf 89' lang='lat' dir='ltr'>esse,</span> <span class='ocrx_word' id='word_1_554' title='bbox 564 4863 615 4901; x_wconf 92' lang='lat' dir='ltr'>non</span> <span class='ocrx_word' id='word_1_555' title='bbox 633 4847 754 4908; x_wconf 89' lang='lat' dir='ltr'>tertium,</span> <span class='ocrx_word' id='word_1_556' title='bbox 773 4847 805 4898; x_wconf 88' lang='lat' dir='ltr'>ut</span> <span class='ocrx_word' id='word_1_557' title='bbox 822 4798 993 4901; x_wconf 70' lang='lat' dir='ltr'>Schmiedero</span> <span class='ocrx_word' id='word_1_558' title='bbox 1010 4846 1125 4909; x_wconf 79' lang='lat' dir='ltr'>videtur,</span> <span class='ocrx_word' id='word_1_559' title='bbox 1144 4842 1227 4896; x_wconf 81' lang='lat' dir='ltr'>verba</span> <span class='ocrx_word' id='word_1_560' title='bbox 1243 4846 1336 4897; x_wconf 90' lang='lat' dir='ltr'>autem</span> 
     </span>
     <span class='ocr_line' id='line_1_57' title="bbox 154 4911 1336 4985; baseline -0.007 -13"><span class='ocrx_word' id='word_1_561' title='bbox 154 4920 189 4972; x_wconf 88' lang='lat' dir='ltr'>sic</span> <span class='ocrx_word' id='word_1_562' title='bbox 214 4937 273 4975; x_wconf 86' lang='lat' dir='ltr'>esse</span> <span class='ocrx_word' id='word_1_563' title='bbox 295 4913 497 4973; x_wconf 88' lang='lat' dir='ltr'>construenda:</span> <span class='ocrx_word' id='word_1_564' title='bbox 527 4931 604 4982; x_wconf 74' lang='lat' dir='ltr'>quem</span> <span class='ocrx_word' id='word_1_565' title='bbox 621 4932 709 4983; x_wconf 69' lang='lat' dir='ltr'>regem</span> <span class='ocrx_word' id='word_1_566' title='bbox 731 4912 854 4967; x_wconf 81' lang='lat' dir='ltr'>Volcano</span> <span class='ocrx_word' id='word_1_567' title='bbox 873 4916 992 4985; x_wconf 70' lang='lat' dir='ltr'>penitam</span> <span class='ocrx_word' id='word_1_568' title='bbox 1010 4914 1079 4966; x_wconf 81' lang='lat' dir='ltr'>inter</span> <span class='ocrx_word' id='word_1_569' title='bbox 1094 4926 1198 4980; x_wconf 82' lang='lat' dir='ltr'>pecora</span> <span class='ocrx_word' id='word_1_570' title='bbox 1214 4911 1336 4979; x_wconf 69' lang='lat' dir='ltr'>apreetm</span> 
     </span>
     <span class='ocr_line' id='line_1_58' title="bbox 152 4977 1336 5058; baseline -0.01 -16"><span class='ocrx_word' id='word_1_571' title='bbox 152 4988 278 5058; x_wconf 76' lang='lat' dir='ltr'>sociaqroe</span> <span class='ocrx_word' id='word_1_572' title='bbox 308 4988 459 5046; x_wconf 82' lang='lat' dir='ltr'>inventum,</span> <span class='ocrx_word' id='word_1_573' title='bbox 491 4981 533 5034; x_wconf 80' lang='lat' dir='ltr'>vix</span> <span class='ocrx_word' id='word_1_574' title='bbox 564 4987 607 5037; x_wconf 87' lang='lat' dir='ltr'>est</span> <span class='ocrx_word' id='word_1_575' title='bbox 627 4982 698 5052; x_wconf 88' lang='lat' dir='ltr'>qnod</span> <span class='ocrx_word' id='word_1_576' title='bbox 718 4998 869 5036; x_wconf 89' lang='lat' dir='ltr'>memorem.</span> <span class='ocrx_word' id='word_1_577' title='bbox 905 4983 948 5038; x_wconf 83' lang='lat' dir='ltr'>Sic</span> <span class='ocrx_word' id='word_1_578' title='bbox 966 4995 1049 5051; x_wconf 89' lang='lat' dir='ltr'>snpra</span> <span class='ocrx_word' id='word_1_579' title='bbox 1065 4996 1090 5032; x_wconf 88' lang='lat' dir='ltr'>v.</span> <span class='ocrx_word' id='word_1_580' title='bbox 1109 4982 1150 5035; x_wconf 79' lang='grc'>47,</span> <span class='ocrx_word' id='word_1_581' title='bbox 1181 4977 1280 5033; x_wconf 81' lang='lat' dir='ltr'>Fauno</span> <span class='ocrx_word' id='word_1_582' title='bbox 1309 4984 1336 5030; x_wconf 82' lang='lat' dir='ltr'>et</span> 
     </span>
    </p>
   </div>
   <div class='ocr_carea' id='block_1_5' title="bbox 0 0 1687 5725">
    <p class='ocr_par' dir='ltr' id='par_1_6' title="bbox 0 0 1687 5725">
     <span class='ocr_line' id='line_1_59' title="bbox 0 0 1687 5725; baseline 0 0"><span class='ocrx_word' id='word_1_583' title='bbox 0 0 1687 5725; x_wconf 95' lang='lat' dir='ltr'> </span> 
     </span>
    </p>
   </div>
  </div>
 </body>
</html>
