3359 5725
353 591 411 655 192
706 588 743 655 P.
763 588 949 655 VERGILI
969 588 1170 656 MARONIS

349 752 395 817 At
415 774 484 834 vos,
506 773 525 817 ο
547 754 669 838 superi,
690 762 723 818 et
744 753 855 819 divom
876 762 913 820 tu
935 775 1088 819 maxume
1109 764 1217 821 rector

347 835 507 921 luppiter,
529 834 675 917 Arcadii,
700 858 831 924 quaeso,
853 839 1054 904 miserescite
1076 840 1165 923 regis
1205 907 1208 916 ,

347 918 393 983 Et
415 920 541 1004 patrias
565 918 677 984 audite
699 942 828 1007 preces:
851 920 887 985 Si
909 923 1043 985 numina
1065 931 1177 986 vestra

349 1001 548 1067 Incolumem
569 1001 721 1069 Pallanta
743 1003 832 1086 mihi,
856 1005 884 1068 si
904 1003 973 1070 fata
994 1014 1172 1084 reservant,

349 1084 387 1150 Si
408 1086 538 1150 visurus
561 1107 635 1152 euin
656 1088 733 1153 vivo
755 1096 787 1151 et
807 1097 963 1152 venturus
983 1089 1017 1151 in
1037 1109 1150 1152 unum:

349 1168 462 1233 Vitam
484 1190 550 1250 oro,
574 1173 684 1257 patior
706 1171 854 1258 quemvis
877 1170 997 1235 durare
1019 1169 1195 1242 laborem„

353 1251 412 1315 Sin
433 1250 575 1339 aliquem
598 1254 767 1318 infandum
790 1275 912 1336 casum,
933 1254 1092 1336 Fortuna,
1112 1253 1268 1318 minaris:

350 1334 454 1416 Nunc,
476 1358 561 1399 nune
582 1361 600 1401 o
622 1336 721 1402 liceat
742 1336 906 1402 crudelem
930 1336 1125 1424 abrumpere
1148 1338 1261 1419 vitam,

351 1539 560 1549 0--..—·.-.-

349 1688 458 1757 quidem
475 1686 543 1741 mihi
560 1686 723 1755 Conington,
753 1686 801 1756 qui
818 1684 966 1750 contendit,
996 1686 1200 1755 explicationem
1220 1701 1309 1742 meam
1326 1688 1443 1740 constare
1457 1687 1500 1761 ter
1549 1669 1551 1676 ’

349 1757 409 1809 tum
438 1771 498 1809 cuin
529 1754 644 1809 lectione
673 1753 812 1815 statarios.
842 1769 896 1807 nou
927 1770 988 1807 cum
1012 1754 1151 1823 finitimo,
1181 1770 1266 1824 quare
1285 1754 1377 1824 potius
1394 1752 1446 1807 ‹le'
1480 1765 1501 1802 u
1552 1787 1554 1799 .

349 1823 468 1878 Evandri
496 1822 563 1876 arbe
580 1821 723 1875 Pallanteo
742 1821 858 1890 cogitat3
885 1821 932 1875 sed
961 1821 1017 1875 iani
1035 1821 1145 1877 Servius
1162 1821 1264 1885 docuit,
1293 1821 1426 1891 quomodo

350 1889 542 1960 intelligendus
576 1889 621 1955 sit,
651 1904 713 1942 cum
743 1891 815 1943 recte
838 1889 974 2008 Rfissits'mo
1003 1890 1128 1960 capitii.
1148 1906 1172 1944 e.
1190 1889 1297 1944 vicinou
1315 1891 1377 1944 coni
1444 1888 1503 1965 tet

350 1962 441 2012 tamen
470 1957 560 2011 vorbis
583 1957 674 2026 copiti
689 1957 824 2011 emisam
860 1972 907 2011 aec
925 1956 1023 2011 addat:
1052 1957 1114 2024 „Ad
1133 1973 1226 2012 curam
1243 1958 1316 2012 eniin
1337 1957 1389 2011 viri
1417 1956 1504 2009 orbis

349 2026 413 2079 honi
431 2026 556 2094 pertinet,
586 2023 703 2093 nequid
725 2024 853 2079 iniuriose
869 2025 918 2078 fiat
936 2024 1017 2078 alicui
1035 2023 1152 2080 homini:
1182 2040 1246 2093 ergo
1265 2029 1294 2079 et
1311 2024 1376 2079 hinc
1393 2027 1505 2078 contine

350 2092 415 2146 liam
434 2094 518 2155 ducit,
538 2092 609 2162 qnod
626 2092 755 2146 finitimos
772 2108 789 2147 a
807 2092 916 2161 tyranni
932 2091 1033 2146 iniuria
1048 2109 1102 2146 non
1120 2091 1303 2147 defenderit.“
1347 2088 1506 2147 Insultavust

350 2160 434 2228 igitur
451 2161 599 2214 Mezentius
619 2159 704 2213 vicino
723 2159 856 2227 Evandro,
882 2164 1015 2239 quatenus
1032 2164 1173 2229 spreverat
1190 2161 1247 2215 eius
1278 2160 1372 2216 minas
1389 2157 1506 2229 agruim

350 2243 409 2280 rum
442 2243 460 2281 a
489 2229 603 2295 tyranno
632 2229 788 2281 vexatorum
805 2228 957 2282 ratiombus
974 2227 1170 2297 prospicientis.
1188 2260 1220 2267 -
1238 2226 1305 2288 572.
1336 2223 1507 2291 ..Habentur

350 2310 442 2364 preces
461 2300 539 2348 tauto
557 2294 621 2364 plus
638 2295 790 2360 suavitatis,
809 2295 881 2363 quod
899 2298 1038 2365 tamquam
1057 2296 1244 2364 praesensione
1263 2296 1303 2349 ali
1323 2312 1361 2350 na
1379 2296 1459 2350 tacita
1472 2292 1507 2345 in

350 2363 478 2416 minentis
496 2361 552 2415 filio
570 2361 621 2415 lati
638 2361 727 2418 factae
745 2363 877 2417 videntur.
907 2364 978 2417 Nam
995 2363 1163 2417 interimitur
1179 2362 1271 2417 Pallas
1316 2367 1425 2428 ,508.“
1441 2361 1507 2428 Hes

350 2431 392 2485 cf.
412 2433 503 2484 autem
521 2446 582 2484 cuin
600 2432 659 2490 toto
677 2430 703 2484 h.
724 2431 742 2485 l.
762 2430 942 2485 imitationem
959 2429 1018 2487 Val.
1039 2431 1130 2489 Flacc.
1148 2431 1170 2497 Ι,
1189 2433 1238 2483 323
1259 2447 1321 2501 sqq.
1342 2463 1376 2471 -
1394 2433 1508 2504 videsis

348 2506 409 2562 set,
430 2499 560 2564 cibasset,
586 2498 726 2567 privasset.
762 2498 804 2553 (ll.
822 2499 890 2552 Hor.
909 2497 960 2552 Od.
979 2498 1016 2561 11,
1034 2501 1076 2559 29,
1094 2503 1118 2553 6.
1137 2498 1176 2550 Et
1185 2498 1276 2567 foliis
1293 2499 1443 2554 omrem
1458 2496 1507 2549 orta

349 2568 410 2621 Seii.
428 2566 535 2635 Hippol.
555 2570 612 2620 866.
642 2568 717 2619 Eme
734 2567 851 2619 viduare
869 2568 1010 2619 ‹koetmom
1027 2569 1100 2628 cett,
1125 2570 1161 2630 et,
1181 2581 1261 2634 quem
1280 2566 1337 2621 iani
1355 2567 1390 2621 VV
1465 2563 1509 2616 lsi

350 2633 405 2694 dat,
435 2634 543 2686 Curtius
572 2632 607 2687 ad
624 2634 726 2687 Lucan.
745 2633 782 2695 ΙΙ,
801 2638 859 2687 441.
880 2664 911 2674 -
930 2631 996 2693 573.
1026 2634 1238 2687 miserescite
1266 2635 1372 2702 repis.
1462 2630 1509 2683 vr·

349 2700 409 2821 §illi
438 2700 588 2768 exemplum
617 2700 715 2754 dixisse
736 2701 806 2755 Stat.
824 2700 909 2755 Theb.
927 2701 950 2764 l,
968 2704 1028 2755 282.
1057 2702 1165 2770 penem
1182 2702 1359 2756 miserescere
1376 2703 1424 2764 tut,
1451 2699 1509 2752 uret

368 2766 514 2822 choliastes
542 2767 636 2822 Barth.
674 2767 858 2822 Personaliter
886 2769 1047 2837 usurpatum
1075 2768 1125 2823 hoc
1154 2768 1274 2824 Verbum
1302 2769 1393 2824 etiam
1411 2769 1445 2835 II,
1469 2769 1507 2818 iss

348 2834 472 2905 legimus.
493 2835 613 2889 -Cum
641 2851 666 2889 v.
684 2833 743 2897 574
760 2851 817 2905 sqq.
853 2834 1005 2905 Conington
1024 2835 1129 2892 confert
1145 2835 1193 2898 IV,
1211 2838 1261 2891 612
1280 2853 1354 2908 sqq..
1385 2834 1508 2892 Nartes

349 2906 377 2958 et
388 2906 470 2970 suta
480 2903 574 2958 eadem
587 2904 689 2957 ratione
708 2903 763 2958 iani
782 2920 865 2973 supra
882 2921 906 2959 v.
925 2908 983 2959 612.
1002 2904 1146 2959 coniuncta
1161 2904 1288 2959 vidimus.
1303 2935 1337 2944 —
1349 2906 1384 2961 Si
1397 2904 1508 2958 aserim

347 2980 462 3026 vestra
473 2976 533 3035 etc,
545 2971 562 3026 i.
572 2988 595 3025 e.
607 2971 631 3025 si
640 2987 694 3035 vos,
723 2971 750 3024 ui
760 2971 880 3026 omnium
892 2988 982 3026 rerum
991 2972 1132 3041 imperinm
1142 2972 1251 3039 tenetis,
1263 2972 1313 3042 qui
1322 2973 1416 3027 omnia
1425 2971 1506 3027 efficere
1553 3013 1554 3019 ,

367 3041 472 3107 mestis,
494 3042 546 3094 etc.
571 3039 632 3094 Vid.
645 2988 749 3095 adniltt.
762 3039 798 3094 ad
810 3039 877 3094 Aen.
888 3039 924 3106 Il,
939 3043 997 3094 171.
1010 3070 1043 3079 -
1054 3038 1120 3101 575.
1143 3041 1174 3093 si
1189 3042 1270 3105 futu
1286 3047 1466 3095 reservant
1478 3033 1507 3089 (h

348 3057 418 3162 binis
438 3112 496 3163 318.
529 3115 577 3161 cat
599 3124 671 3177 quae
696 3125 737 3162 me
765 3109 830 3176 fato
846 3108 1005 3162 rmeruarrtl
1024 3139 1055 3148 -
1074 3106 1138 3169 576.
1169 3114 1333 3162 venturas
1362 3109 1398 3162 s‘ri
1423 3121 1507 3162 uasa»

348 3192 442 3231 rursus
472 3193 533 3230 enm
563 3177 753 3230 conventurus.
788 3176 824 3228 la
841 3193 924 3230 arma
941 3176 1086 3230 coronare
1104 3178 1156 3242 (etr
1175 3175 1205 3230 ἓν
1223 3173 1373 3243 ἔρχεσθαι)
1390 3175 1505 3245 legitur

348 3260 375 3312 g.
395 3262 438 3313 ap.
458 3243 523 3298 Sall.
541 3244 602 3313 lug.
622 3249 661 3312 ll,
681 3248 704 3299 2.
740 3243 782 3298 Sic
799 3244 866 3298 abbi
883 3243 914 3296 in
930 3244 1383 3310 memoriammemioriamr,
1402 3243 1507 3310 cossam
1553 3286 1554 3295 .

288 3376 292 3381 .
349 3315 422 3376 cett,
441 3312 469 3364 in
487 3311 583 3379 quibus
601 3310 781 3366 locutionibus
799 3312 923 3365 omnibns
940 3327 1097 3366 rammasse
1117 3310 1327 3365 Substantiviiin
1345 3311 1461 3366 neutrius
1473 3320 1506 3374 gr
1552 3345 1554 3350 -

349 3380 514 3499 ιὸιιέιᾙιιοὲι
534 3378 641 3446 ellipsin
647 3394 714 3498 (qvos.
732 3379 823 3433 locum
840 3377 1023 3500 statuendtqm,
1049 3378 1187 3501 verissqinlq
1204 3370 1505 3501 wax&
1552 3438 1554 3443 ,

350 3462 391 3566 s'rra
406 3483 497 3567 briam.
512 3461 635 3573 [Ἓξ.
660 3448 800 3583 plbllboltln
817 3462 910 3568 nllelcltb
923 3461 1138 3568 alliihieOvnilllittbar
1155 3486 1347 3581 W'agn.⁸hanc
1365 3515 1504 3586 optinoiun
1551 3505 1554 3511 ’

349 3580 433 3634 Codd.
455 3578 546 3646 (Med,
567 3579 652 3649 Itum,
676 3579 734 3635 Pul
754 3596 771 3633 a
788 3597 823 3633 m.
842 3597 884 3648 pr.
901 3583 965 3644 etc.)
982 3584 1011 3637 et
1026 3580 1153 3636 Arusiani
1170 3598 1197 3652 p.
1214 3584 1275 3634 251.
1294 3581 1418 3636 hindam.
1433 3579 1502 3633 letio

349 3664 410 3701 nerii
430 3662 576 3713 revocasse,
604 3664 684 3727 quam
702 3647 741 3701 sic
758 3647 888 3727 explieat:
922 3648 1037 3714 „Vitam
1055 3666 1108 3716 oro,
1135 3652 1164 3703 et
1181 3647 1306 3719 quamvis
1323 3639 1503 3719 molestantl
1551 3711 1554 3719 Α

349 3716 526 3835 senectutem)
545 3717 693 3795 sustineo,“
723 3716 845 3770 Servium
862 3719 979 3783 secutus,
1009 3718 1063 3787 qui,
1088 3715 1181 3771 eadem
1198 3716 1304 3796 ratione
1322 3716 1451 3771 locumin
1553 3759 1554 3763 ,

348 3797 508 3931 ιιι
520 3782 1021 3931 ιιιιιιιι’
1038 3785 1226 3930 ιιι
1249 3802 1263 3930 f
1277 3783 1502 3931 ιιι
1549 3901 1554 3912 s.

350 3867 499 3973 exhibitum
528 3935 559 3973 ei
588 3918 781 3974 recentioribus
799 3918 948 3973 editoribus
965 3920 1076 3973 unnsB
1109 3935 1139 3973 ce
1156 3919 1279 3981 retinuit)
1298 3919 1373 3973 idern
1391 3920 1435 3973 Vir
1449 3914 1501 3989 ιιι
1551 3963 1553 3966 .

348 3987 383 4041 ab
402 3986 435 4041 iis
454 3987 635 4041 substitutum
653 3988 752 4047 censet.
787 3987 885 4056 quibus
902 3984 1026 4042 Evander
1048 4005 1066 4041 n
1111 3987 1132 4040 's
1149 3989 1208 4040 tum
1228 3986 1317 4054 premi
1333 3987 1462 4041 laboribus
1475 3996 1502 4032 ι
1549 4050 1550 4053 ¹

348 4054 466 4110 deretur.
500 4054 576 4109 Iahn.
596 4057 687 4109 tamen
705 4054 752 4126 (ad
768 4055 834 4108 Aen.
856 4053 889 4118 V,
907 4057 986 4117 ssa),
1016 4055 1060 4109 cui
1077 4054 1121 4108 hic
1138 4052 1256 4108 Evandri
1272 4053 1403 4109 voluntas
1418 4056 1444 4107 et
1459 4063 1502 4102 eur

349 4122 442 4176 silium
470 4122 732 4177 commemorandum
762 4122 877 4185 videtur,
908 4120 936 4174 in
983 4138 1019 4176 ua
1045 4139 1075 4178 re
1098 4124 1146 4176 aut
1161 4120 1341 4176 Comunctivo
1360 4125 1409 4177 aut
1423 4121 1502 4175 Fatum

348 4205 363 4241 o
383 4189 470 4242 ussit
497 4190 639 4259 vulgatam
656 4191 757 4244 tnetm.
776 4219 809 4229 -
827 4191 955 4243 durare
965 4138 1133 4256 lutor-em,
1158 4188 1286 4268 perferre,
1306 4189 1446 4244 sustinere.
1473 4180 1502 4235 Ol

375 4271 415 4309 or.
435 4229 485 4334 Ofl.
505 4257 527 4322 l,
548 4262 586 4320 14,
605 4261 628 4312 7.
657 4259 704 4311 ote
732 4258 836 4310 durare
864 4257 978 4311 carinae
1005 4257 1126 4312 Possunt
1152 4275 1190 4310 sm
1248 4257 1253 4269 '
1290 4257 1297 4270 ¹
1358 4250 1504 4337 Aequore

347 4322 418 4376 Stat.
438 4321 503 4377 Silv.
523 4325 555 4390 V,
576 4327 600 4388 2,
622 4328 678 4378 153.
695 4323 811 4402 darqbs's
827 4340 1002 4394 qrsascuaque
1018 4326 1088 4379 otas.
1103 4354 1134 4362 —
1153 4273 1220 4385 5.Ίὲ
1238 4323 1393 4393 aliquem
1410 4322 1504 4402 rasas·
1552 4368 1553 4371 ,

347 4391 421 4444 dam
438 4406 561 4458 curum,
580 4407 628 4459 per
646 4391 860 4460 euphemismum
880 4407 942 4471 pro:
971 4394 1094 4459 mortem,
1113 4391 1222 4446 caedem
1240 4390 1300 4457 filii,
1328 4392 1506 4448 ruminari

347 4473 449 4525 casum,
479 4473 559 4537 quem
588 4461 620 4510 ut
648 4458 806 4512 nominatim
836 4458 938 4513 iudicet
970 4475 987 4513 a
1013 4476 1041 4514 ee
1059 4477 1112 4514 non
1130 4460 1222 4527 potest
1238 4459 1395 4528 impetrare.
1413 4490 1444 4501 -
1458 4452 1507 4518 tlt

347 4524 372 4579 V
421 4523 545 4579 oeditm
562 4525 654 4589 Nam,
685 4545 702 4579 ο
719 4543 798 4588 amm,
827 4526 871 4580 cui
900 4529 991 4581 tamen
1014 4527 1124 4582 lectioni
1140 4526 1220 4596 pauci
1237 4526 1320 4582 modo
1338 4528 1422 4583 Codri
1440 4524 1508 4592 (mu

347 4594 376 4647 et
423 4592 593 4659 entel.1.)o
614 4592 760 4657 itulantur;
790 4595 873 4648 ceteri
891 4610 991 4658 omnes,
1010 4594 1093 4649 etiam
1111 4610 1205 4649 recens
1223 4593 1329 4663 collati,
1346 4595 1432 4650 Naar
1454 4604 1509 4645 aare

411 4660 465 4714 uod
483 4676 543 4714 cum
561 4609 657 4729 Wpagn.
685 4661 864 4723 restituimus,
896 4660 950 4730 qui,
979 4663 1166 4717 Hermannum
1195 4660 1314 4716 laudans
1332 4663 1419 4718 Elem.
1433 4635 1509 4716 llotti

310 4800 315 4808 ἱ
347 4677 430 4782 llelr.
449 4745 477 4797 p.
496 4730 545 4781 342
564 4744 604 4797 sq.
635 4728 668 4782 de
687 4729 741 4782 arsi
757 4729 903 4808 in‘ultima
922 4728 985 4810 sede
1002 4745 1096 4784 versus
1113 4728 1215 4785 heroici
1250 4730 1376 4786 eminata
1394 4732 1511 4803 agentag,

347 4794 471 4863 adnotat,
499 4794 572 4850 haud
601 4811 661 4850 raro
683 4813 776 4850 versus
793 4800 834 4850 ita
851 4797 1064 4865 pronuntiantes
1082 4814 1149 4864 esse,
1179 4800 1241 4850 utt
1261 4797 1316 4851 esis
1334 4815 1390 4868 quo
1410 4816 1442 4854 ue
1458 4809 1513 4851 arn

347 4863 401 4915 vim
420 4864 544 4932 accipiat,
574 4880 599 4918 v.
617 4879 638 4918 ι,
657 4879 739 4932 snpra
756 4881 780 4918 v.
798 4867 857 4917 512.
875 4865 978 4929 otum,
1008 4864 1081 4918 infra
1099 4881 1125 4918 v.
1144 4868 1202 4920 581.
1224 4866 1291 4918 ditm
1308 4874 1382 4922 use
1412 4908 1419 4922 .
1452 4859 1514 4920 Atto
1552 4904 1554 4912 ,

347 4943 379 4982 er
397 4930 499 4999 multis,
529 4947 598 5002 quae
615 4930 659 4986 bic
676 4931 772 4986 atterre
789 4934 922 4999 poteram,
949 4931 1093 5000 exemplis:
1123 4932 1147 5000 I,
1165 4936 1224 4987 331.
1243 4936 1304 4989 369.
1321 4937 1384 4990 666.
1403 4937 1460 4989 136.
1486 4927 1515 4989 Il·
1553 4945 1554 4949 ’
