3359 5725
673 1074 713 1181 ιζ
738 1097 927 1182 iunoni
951 1096 1157 1182 imonis

571 1267 1261 1401 AENEIS.

733 1488 848 1557 illinit
868 1486 1094 1557 liniemus.

718 1754 1127 1840 inennnnlilii.

401 1956 496 2012 Occiso
514 1954 648 2009 Mezentio
677 1955 763 2009 victor
780 1958 884 2011 Aeneas
916 1955 1037 2026 proximo
1060 1955 1103 2009 die
1120 1953 1204 2010 blarti
1221 1956 1367 2022 tropaeum
1386 1955 1423 2011 e‘
1444 1956 1503 2009 'tet

329 2023 464 2077 Pallantis
482 2022 582 2076 mortui
600 2039 631 2076 co
664 2039 696 2076 us
716 2024 803 2077 multo
821 2039 883 2077 cuni
900 2022 1000 2077 honore
1017 2022 1052 2076 ad
1070 2022 1188 2077 Euandri
1206 2022 1301 2076 urbem
1319 2024 1423 2077 remitti
1439 2064 1445 2084 ,
1461 2020 1502 2075 ubi

329 2106 434 2144 summo
464 2090 493 2143 ct
524 2089 644 2157 patriae
678 2106 786 2144 snorum
806 2093 835 2144 et
853 2091 973 2144 omnium
990 2091 1067 2145 luctu
1085 2090 1217 2160 excipitur
1235 2092 1362 2154 (1-99.l.
1398 2091 1501 2145 Interim

330 2160 449 2229 oratores
468 2155 604 2210 aLatinis
622 2156 820 2211 missidierum
838 2157 979 2212 duodecim
997 2157 1119 2211 inducias
1138 2158 1173 2211 ab
1194 2159 1285 2211 Aenea
1302 2157 1453 2226 impetrant
1473 2157 1501 2210 sd

329 2240 392 2277 suos
410 2222 576 2293 sepeliendos
594 2226 768 2292 (100-138.).
787 2224 913 2280 Euander
937 2226 1079 2280 advectum
1096 2224 1231 2279 Pallantis
1249 2225 1332 2279 occisi
1349 2242 1448 2295 corpus
1465 2242 1502 2279 ei·

329 2292 396 2361 cipit
425 2292 546 2346 oratione
574 2293 602 2346 et
631 2290 733 2346 doloris
762 2294 790 2347 et
869 2293 923 2347 tiae
952 2310 966 2347 e
1032 2293 1151 2346 Aeneam
1181 2291 1292 2361 eiusque
1323 2294 1409 2347 socios
1430 2293 1503 2364 plena

330 2360 504 2427 (iao-181.)
539 2359 610 2414 Utra
628 2376 661 2413 ue
678 2375 752 2429 pars,
771 2365 799 2415 ct
840 2360 926 2415 roiani
943 2363 971 2413 et
1011 2359 1097 2414 trusci
1114 2358 1267 2427 Latinique,
1289 2376 1354 2414 suos
1373 2361 1403 2414 in
1420 2377 1503 2431 pugna

330 2443 420 2480 caesos
451 2428 583 2496 supremis
611 2376 762 2482 inscribis
811 2429 999 2498 ersequuntur.
1035 2426 1199 2495 Praecipuus
1218 2426 1294 2480 dolor
1312 2430 1355 2482 est
1372 2427 1502 2488 Lauremi

329 2494 423 2563 ibique
439 2495 547 2549 Turnus
571 2495 598 2548 in
617 2511 744 2564 magnam
762 2446 908 2550 adducitur
925 2494 1055 2548 invidiam
1073 2496 1247 2559 (isi-iiii.
1283 2494 1387 2550 Eodem
1406 2511 1502 2576 quoquc

329 2565 451 2642 tempore
468 2562 599 2641 Venulus,
630 2578 709 2632 quem
730 2564 781 2616 snb
800 2563 865 2619 belli
882 2563 990 2642 initium
999 2562 1129 2683 ‚leffatum
1151 2560 1184 2615 ad
1204 2561 1362 2642 Diomedem
1380 2564 1502 2618 miserint

329 2631 429 2692 Latini,
460 2631 540 2697 Arpis
562 2629 596 2682 ad
617 2645 680 2683 snos
698 2646 820 2684 reversus
837 2629 938 2684 auxilia
955 2630 1008 2683 sibi
1045 2631 1160 2698 enegata
1176 2632 1316 2683 renuntiat
1336 2631 1501 2695 (tit-wit

329 2696 432 2751 Audita
459 2696 485 2749 le
505 2696 596 2749 atione
625 2696 699 2750 vario
719 2713 752 2751 ue
780 2697 890 2750 fremitu
925 2699 1036 2766 excepta
1067 2696 1195 2758 Latinus,
1228 2713 1276 2750 se
1315 2714 1366 2753 sua
1395 2699 1502 2753 destitu-

330 2767 389 2827 tus,
420 2763 492 2817 cona'
507 2763 571 2843 'uni’
591 2712 719 2817 confossi
748 2764 857 2843 legato,
874 2779 907 2817 ue
936 2763 969 2818 de
997 2764 1073 2833 pacis
1100 2713 1314 2832 conditionibus,
1346 2782 1416 2845 quas
1444 2765 1501 2819 satis

330 2841 430 2902 amnas
459 2832 594 2903 proponit,
624 2829 658 2885 ad
676 2830 793 2885 Aeneam
822 2848 859 2886 nii
873 2830 969 2887 tendos
1001 2834 1093 2887 censet
1110 2833 1284 2899 (296-335.).
1319 2833 1363 2888 lbi
1395 2834 1501 2903 primum

330 2902 450 2955 Drances
467 2899 615 2955 orationem
635 2898 719 2953 babet
735 2899 810 2968 pacis
828 2899 952 2965 amicam,
981 2899 1070 2953 'lurno
1091 2899 1227 2953 inimicam
1245 2903 1423 3022 (att-altp,
1450 2904 1501 2953 tuin

329 2969 446 3029 Turnus,
465 2966 579 3021 Drancis
596 2969 757 3036 argumenta
776 2969 805 3021 et
822 2966 1024 3021 criminationes
1041 2967 1185 3021 confutans
1203 2971 1380 3034 (oio-clim
1413 2968 1501 3022 nterim

329 3037 444 3102 Aeneas,
473 3034 604 3106 bipartito
634 3033 727 3087 divisis
757 3033 850 3103 copiis,
880 3033 948 3087 levis
963 3037 1119 3089 armaturas
1137 3034 1241 3103 equites
1258 3035 1350 3104 planis
1367 3035 1501 3090 itineribus

330 3103 365 3158 ad
394 3104 488 3158 urbem
526 3101 679 3156 raemittit:
709 3102 767 3172 ipse
785 3117 845 3156 cuni
863 3101 965 3171 reliquo
984 3102 1102 3170 exercitii
1140 3118 1169 3155 er
1187 3101 1247 3156 loca
1265 3103 1343 3156 siliis
1361 3104 1501 3158 montibus·

331 3118 1249 3307 cli,ncfiandtenerositatem”iritm
1268 3170 1501 3308 mamm

330 3306 404 3359 urbis
433 3304 615 3359 defensionem
634 3304 786 3358 necessaria
804 3305 976 3371 (ilo—485.)
1012 3303 1118 3358 Turnus
1129 3303 1245 3371 'cognito
1262 3319 1312 3373 per
1329 3307 1501 3375 exploratores

329 3372 435 3425 Aeneae
465 3370 578 3426 consilio
611 3371 639 3424 et
668 3372 777 3440 arrepta
804 3370 944 3439 pugnandi
961 3387 976 3423 o
995 3370 1164 3440 portunitatc
1180 3371 1306 3425 bifariam
1326 3375 1382 3427 eti
1403 3390 1431 3428 se
1448 3385 1501 3424 snas

330 3438 423 3517 copias
442 3439 562 3507 partitur
570 3459 584 3517 ς,
597 3436 733 3517 equitibus
750 3438 840 3491 Messa
860 3454 904 3516 uin
924 3386 1106 3517 etfiicmillam
1123 3438 1253 3506 praeficit,
1274 3391 1498 3511 eosqucircm'm

330 3505 468 3585 equitibus
487 3508 607 3575 opponit,
638 3520 695 3573 ipss
712 3520 773 3557 cuni
792 3520 824 3583 pe
854 3504 930 3558 tibus
947 3508 1089 3575 angustias
1106 3505 1212 3560 Aeneae
1238 3508 1424 3576 peragrandas
1450 3508 1500 3560 bre·

331 3573 399 3626 riori
418 3571 514 3627 itinere
532 3572 645 3641 occupat
662 3576 744 3641 atque
761 3571 800 3624 ibi
817 3570 844 3625 in
864 3570 970 3626 insidiis
987 3573 1114 3626 subsistit
1133 3575 1307 3652 (iso-bai).
1326 3574 1500 3644 Interponitur

330 3638 483 3707 episodium
513 3638 547 3692 de
564 3638 687 3692 Camilla.
730 3638 818 3692 Diana
848 3638 918 3693 enim
936 3640 1057 3695 instante
1073 3639 1203 3695 Camillae
1233 3641 1349 3696 interitu
1378 3642 1500 3697 commota

331 3705 411 3777 Opim
429 3706 585 3776 Nympbam
603 3706 637 3760 ad
656 3704 840 3761 ulciscendum
860 3705 917 3760 eius
935 3708 1134 3762 interfectorem
1152 3708 1253 3761 excitat
1269 3712 1443 3778 (532-596.).
1462 3708 1498 3761 Ιι·

329 3775 410 3829 terim
428 3778 552 3844 equestre
568 3773 702 3843 proelium
720 3773 902 3828 committitur
919 3774 1018 3844 diuque
1038 3775 1119 3844 dubio
1138 3776 1274 3845 utrimque
1296 3780 1396 3832 eventu
1426 3789 1499 3845 ugni·

331 3844 378 3896 tur
398 3843 572 3910 (sot-647).
603 3842 666 3911 lpsa
685 3840 801 3895 Camilla
819 3841 926 3896 excellit
943 3842 1101 3897 fortitudine
1118 3858 1245 3911 magnam
1265 3859 1299 3897 ue
1317 3843 1405 3899 edila
1465 3857 1498 3896 en

332 3909 451 3964 bostium
471 3911 644 3977 (oce-rin).
680 3908 747 3962 Turn
766 3908 888 3963 Tarchon
906 3925 923 3963 a
938 3909 1002 3964 Iove
1019 3910 1167 3990 suscitatus
1183 3860 1317 3978 proeium
1336 3912 1456 3966 restituit
1478 3910 1499 3961 et

328 3978 443 4032 Camilla
463 3977 527 4031 dum
538 3977 691 4039 Ghlorenm,
706 3974 819 4045 Cybeles
832 3976 1007 4039 sacerdotem,
1019 3978 1152 4031 incautius
1165 3978 1294 4046 sequitur,
1315 3979 1350 4033 ab
1363 3981 1462 4033 Arunte
1472 3991 1496 4030 ei

327 4045 432 4125 insidiis
444 4018 525 4100 basta
537 4044 674 4099 traiicitur
685 4046 858 4124 (ηδ-8252.
874 4043 961 4124 Quam
972 4047 1064 4099 tamen
1076 4060 1168 4124 sacrae
1178 4045 1291 4125 virginis
1301 4046 1410 4126 caedem
1422 4047 1498 4121 Artis

328 4111 1071 4258 esame„petrinteteressem?
1107 4112 1497 4259 sistrqifitffttiftttif}

329 4246 439 4300 Troiam
456 4246 531 4325 urbis
549 4249 776 4365 oppugnationem
814 4248 902 4310 arant,
921 4262 947 4299 in
967 4262 1022 4316 qua
1033 4246 1217 4300 defendendai
1251 4263 1283 4301 ae
1294 4252 1498 4302 mationaerina

331 4315 440 4367 strenue
460 4328 475 4366 o
494 4313 580 4366 itulau
596 4330 630 4366 ur
647 4262 823 4379 (sos-8953.
859 4311 1032 4368 Calamitatis
1051 4314 1147 4368 nuntio
1164 4314 1199 4368 ab
1241 4330 1297 4378 cca,
1315 4315 1444 4370 Camillae
1462 4328 1498 4366 co

331 4382 406 4447 mite,
426 4379 460 4434 ad
476 4330 599 4458 plurium
618 4379 732 4458 perlato,
751 4378 795 4432 bic
813 4379 923 4445 relictis,
943 4396 1010 4449 quas
1027 4381 1178 4444 obsederat,
1199 4382 1344 4452 angustiis,
1362 4384 1418 4444 suis
1434 4380 1498 4437 ami·

330 4448 368 4502 lio
397 4447 523 4502 accurrit.
558 4445 738 4514 Subsequitur
755 4448 860 4501 Aeneas
888 4463 971 4517 parvo
993 4448 1152 4514 intervallo;
1179 4448 1227 4503 sed
1244 4466 1306 4505 cuin
1326 4467 1378 4505 nox
1395 4452 1447 4505 iam
1464 4448 1497 4501 iii·

330 4532 432 4585 grueria
449 4513 582 4588 proelium
599 4512 706 4568 differre
726 4517 814 4582 cogat,
832 4514 941 4585 utrique
958 4517 1050 4570 castra
1068 4520 1133 4572 ants
1149 4517 1242 4572 urbem
1260 4518 1404 4573 collocant.
