3359 5725
552 541 784 607 AENEIDOS
806 543 889 608 LlB.
914 544 987 608 XII.

174 711 307 776 Vertice
329 733 364 776 se
384 709 533 776 attollens
556 717 649 797 pater
671 708 886 795 Appenninus
909 708 953 773 ad
973 732 1080 776 auras.

174 797 244 861 Iam
267 817 344 860 vero
366 804 398 860 et
421 793 532 859 Rutuli
555 794 702 857 certatim
724 802 756 856 et
778 791 882 857 Troes
903 803 935 857 et
957 815 1068 858 omnes

175 878 373 945 Convertere
395 877 505 942 oeulos
526 877 600 942 Itali
622 877 741 965 quique
761 873 828 939 alta
850 875 1004 941 tenebant

173 961 304 1027 Moenia
322 963 441 1049 quique
462 963 545 1026 imos
563 959 744 1108 pulsabant
765 961 868 1024 ariete
889 982 998 1024 muros

173 1045 340 1131 Armaque
362 1045 541 1130 deposuere
586 1044 715 1107 orneris.
758 1042 877 1129 Stupet
898 1045 969 1129 ipse
990 1043 1129 1109 Latinus

173 1128 329 1214 Ingentis,
350 1131 478 1213 genitos
501 1126 640 1190 diversis
663 1124 811 1212 partibus
833 1125 933 1208 orbis,

174 1214 262 1278 Inter
283 1234 318 1277 se
339 1212 457 1276 coiisse
479 1214 569 1276 viros
591 1220 623 1275 et
644 1231 777 1274 cernere
797 1209 895 1276 ferro.

175 1399 382 1411 ‚affl

172 1513 254 1567 etiam
273 1511 377 1566 Wakef.
407 1512 442 1566 ad
460 1512 539 1566 Lucr.
558 1511 591 1575 V,
610 1514 669 1564 597.
706 1509 866 1565 Gratianum
894 1509 1071 1578 cynegiae
1100 1510 1240 1580 scripsisse
1270 1512 1349 1580 putat

172 1580 275 1635 circum
292 1587 371 1634 abac
387 1578 497 1633 moenia
513 1579 600 1633 aduae
620 1577 687 1630 Alta
698 1579 833 1646 fremunt,
861 1578 907 1630 ubi
925 1576 1006 1646 vulgo
1043 1587 1155 1632 remant.
1176 1608 1204 1615 -
1246 1580 1349 1632 audet

172 1665 205 1701 se
233 1648 405 1726 attollens.
441 1646 502 1700 vid.
525 1661 607 1724 supra
623 1644 659 1699 ad
676 1662 702 1725 ι.Ι
721 1649 744 1697 6.
764 1647 805 1698 82.
824 1645 906 1724 etad
925 1595 1120 1709 &allelu
1155 1597 1271 1709 Peerlk,
1301 1647 1349 1715 qui

173 1716 267 1769 haeret
283 1731 311 1767 ιιι
328 1715 409 1783 paulo
428 1714 534 1768 duriore
553 1714 633 1767 huius
652 1713 703 1766 loci
722 1714 928 1772 construetione,
960 1714 1042 1767 verba
1058 1721 1177 1782 quantas
1193 1716 1349 1782 gaudetque

173 1812 185 1823 -
203 1812 216 1824 ·
234 1781 362 1836 attollens
393 1780 522 1835 eiicienda
541 1783 568 1834 et
586 1797 616 1834 ex
634 1797 686 1834 rss.
707 1784 765 1834 702.
783 1784 811 1834 et
830 1784 887 1834 703.
917 1779 988 1834 hunc
1011 1797 1095 1834 unum
1114 1781 1267 1835 laciendum
1285 1796 1348 1834 cen·

172 1852 227 1904 set:
257 1849 323 1902 Cina
340 1851 434 1916 fremat
450 1849 569 1915 ilicibree,
598 1855 691 1918 putet
708 1848 783 1917 App.
803 1850 845 1901 ad
860 1865 955 1901 aurae.
991 1848 1043 1903 Sed
1081 1849 1179 1902 dmum
1192 1857 1292 1919 patere
1309 1850 1349 1902 ad

172 1935 258 1970 nurus
275 1932 342 1970 nove
360 1916 471 1977 dictum,
497 1916 592 1970 deinde
610 1933 671 1970 vero
690 1915 773 1969 etiam
792 1917 900 1986 praeter
917 1916 1036 1969 omnium
1053 1865 1136 1970 dodo.
1155 1916 1347 1970 auctoritatem

171 1985 312 2052 vulgatum
340 1986 433 2038 tuetur
450 1983 509 2037 Silii
537 1984 654 2037 imitatio
670 1983 706 2048 ΙΙ,
727 1986 784 2038 313.
811 1983 883 2037 mole
900 1984 989 2036 nivali
1005 1985 1125 2054 Aqribua
1143 1992 1288 2053 unguntum
1305 1992 1348 2037 at-

171 2053 270 2107 seuere
298 2060 383 2120 caput
411 2052 441 2104 A
478 2052 600 2105 ennimre.
623 2082 656 2090 -
681 2049 745 2111 703·
774 2051 787 2103 i
812 2069 846 2105 re
875 2051 925 2120 Ap
954 2053 1106 2114 anninus,
1135 2052 1178 2106 vel
1208 2055 1347 2131 tamquam

172 2119 295 2188 princeps
312 2118 444 2172 montium
477 2119 560 2173 taliae
581 2118 645 2184 (vid.
664 2119 699 2172 ad
718 2118 772 2173 Ecl.
830 2117 867 2181 II,
885 2068 950 2185 tbi?
966 2119 1009 2173 vel
1046 2120 1090 2173 uia
1107 2119 1212 2185 ceteris,
1241 2136 1286 2188 qur
1303 2119 1348 2171 hic

171 2190 421 2245 commemorantur,
451 2187 624 2256 propinquior
651 2189 680 2241 et
697 2186 774 2255 quasi
791 2186 820 2239 in
838 2188 1015 2255 conspectus
1046 2226 1052 2248 ,
1083 2190 1115 2240 ut
1133 2187 1227 2254 Wagu.
1256 2190 1348 2240 censet

171 2255 220 2320 Qu.
251 2254 330 2323 Verg.
360 2253 460 2316 XVIII,
481 2260 505 2318 2,
537 2271 556 2308 r.
593 2256 815 2324 Appenninus
845 2257 937 2308 autem
968 2254 1050 2308 etiam
1077 2254 1121 2308 bic
1152 2257 1193 2312 (ut
1209 2253 1258 2316 XI,
1278 2257 1347 2312 tou.)

170 2320 277 2383 Medic,
295 2337 375 2391 quern
393 2326 435 2387 (ut
453 2337 545 2375 omnes
562 2322 723 2376 recentiores
742 2321 870 2383 editores)
889 2337 950 2374 cunr
962 2322 1057 2401 Wagn.
1077 2320 1164 2375 secuti
1181 2337 1282 2385 sumus,
1301 2321 1348 2390 qui

173 2388 336 2458 suspicatur,
354 2389 543 2468 Appenninum
563 2389 626 2443 inde
644 2394 768 2442 vocaturn
782 2404 848 2450 esse,
868 2388 939 2456 quod
953 2391 1093 2458 contingat
1106 2389 1261 2442 Penntnum
1272 2405 1347 2442 mon·

170 2461 236 2518 tem,
255 2459 283 2510 et
301 2457 519 2526 antiquissimam
537 2457 652 2509 nominis
670 2457 785 2509 formam
804 2455 888 2509 luisse
907 2456 1106 2525 Adpenninum,
1131 2458 1212 2535 atque
1230 2459 1262 2508 nt
1278 2456 1347 2509 Pen-

171 2525 251 2579 ninus
269 2524 326 2593 ipse
344 2540 441 2578 nomen
461 2525 575 2578 traxerit
591 2540 608 2578 a
626 2526 678 2578 deo
696 2524 817 2578 PenuIno
837 2523 901 2589 qvid.
918 2523 977 2577 Liv.
994 2523 1068 2588 XXI,
1081 2526 1122 2576 38.
1141 2523 1230 2602 ibique
1243 2522 1347 2589 Drak.),

172 2593 212 2646 ita
242 2592 324 2646 etiam
341 2591 533 2661 Appenninum
551 2590 611 2644 κατ’
633 2593 662 2652 ἐξ
699 2590 731 2654 ἦν
744 2599 856 2661 patrem
873 2607 930 2645 esse
949 2590 1061 2651 dictum,
1092 2590 1210 2645 numinrs
1229 2589 1347 2659 appella·

172 2660 245 2713 tione
275 2659 309 2712 ad
328 2662 447 2713 montem
465 2659 607 2713 translata.
644 2664 653 2724 l
680 2659 714 2712 id.
735 2659 769 2711 ad
787 2657 852 2713 Geo.
870 2658 906 2720 II,
925 2659 960 2722 4.)
996 2659 1102 2713 Scilicet
1121 2657 1347 2739 quemadmodum

170 2742 252 2795 supra
269 2725 316 2795 IV,
335 2732 383 2781 247
402 2744 461 2797 sqq.
496 2726 575 2781 Atlas
606 2744 682 2780 mous
711 2730 742 2779 ut
761 2725 827 2780 deus
846 2725 1016 2790 describitur,
1048 2726 1087 2780 sic
1105 2732 1188 2780 etiam
1206 2726 1250 2780 hic
1271 2742 1347 2780 mons

170 2794 346 2864 Appenninus
377 2811 438 2848 cnm
467 2794 517 2848 deo
543 2795 626 2862 (Iove)
651 2794 810 2864 Apennino
840 2793 1185 2862 (cl.Iuscr.0rell.1220.
1216 2794 1347 2863 aWugn.

169 2863 253 2929 laud.)
282 2863 456 2917 confunditur
484 2866 527 2927 (ut
544 2862 651 2917 omniuo
669 2811 712 2917 <lei
730 2879 809 2932 saepe
827 2879 887 2916 cum
905 2860 986 2916 rebus
1005 2864 1220 2924 commiscentur,
1250 2862 1348 2930 quibus

171 2930 511 3067 tlttlsstlttttlt
530 2931 863 3067 rvffia.pv49p.nch9
877 2929 1195 3057 ⁰²ttt¹¹¹ttttu¹⁰
1217 2929 1347 3050 'taut

172 3067 223 3119 tes.
258 3066 299 3119 cf.
318 3065 393 3133 VIII,
413 3069 470 3119 653.
501 3015 643 3135 Clrrpitolic
667 3065 727 3118 alta
743 3067 857 3118 tenebat.
877 3095 908 3103 -
927 3065 991 3125 706.
1023 3065 1141 3119 ariete,
1176 3063 1346 3130 Videon,

169 3137 229 3187 492.
248 3133 339 3188 Gossr.
357 3135 450 3187 tanim
470 3135 602 3197 observat,
622 3148 674 3186 non
694 3149 752 3187 esse
770 3131 957 3201 improbabile,
976 3132 1134 3201 Vergilium,
1152 3132 1199 3212 qui
1213 3131 1241 3186 in
1256 3147 1285 3185 re
1297 3131 1346 3184 mi-

169 3200 245 3255 litari
273 3200 329 3256 fere
347 3202 437 3255 omnia
454 3201 488 3254 ad
508 3217 557 3255 sua
575 3205 697 3270 tempora
716 3199 968 3263 accommodaverit,
996 3200 1029 3253 de
1046 3200 1117 3253 iusto
1135 3202 1220 3253 aneta
1238 3214 1346 3252 suornm

169 3271 322 3336 temporum
339 3269 482 3338 cogitasse,
503 3269 535 3323 de
553 3284 606 3337 quo
624 3269 657 3322 cl.
676 3268 744 3321 liber
762 3284 837 3321 meus
856 3267 956 3321 Hellas
973 3286 1000 3320 aa
1019 3267 1100 3320 Rom.
1120 3267 1140 3321 Ι.
1160 3271 1182 3320 3.
1223 3269 1299 3321 .288.
1314 3298 1347 3306 —

171 3333 235 3395 707.
264 3339 377 3403 Arma,
402 3336 420 3390 i.
439 3354 462 3390 e.
482 3336 589 3404 clipeos.
629 3337 669 3389 Cf.
688 3352 770 3405 supra
787 3352 810 3388 ιι.
832 3339 941 3388 130.-
959 3334 1079 3405 Stupet
1096 3336 1167 3406 ipae
1185 3284 1345 3398 dutinus,

169 3403 341 3459 considerans
371 3404 442 3458 viros
471 3407 530 3458 tam
557 3403 679 3473 egregios
706 3404 757 3456 tati
786 3403 927 3457 voluntate
946 3419 977 3456 ex
995 3403 1182 3458 remotissimis
1200 3401 1283 3456 terris
1303 3402 1347 3455 hic

170 3470 315 3526 conductos
345 3488 411 3535 esse,
443 3477 474 3525 ut
500 3472 569 3525 alter
599 3471 714 3525 alterum
745 3471 886 3525 occideret.
922 3469 1002 3524 Pron.
1028 3474 1120 3526 autem
1139 3473 1199 3541 ipae
1216 3470 1347 3525 Latinum

169 3538 316 3609 distinguit
333 3555 350 3593 a
366 3540 462 3594 ceteris
480 3539 661 3608 stupentibus.
680 3539 795 3601 Peerlk,
815 3539 857 3593 cui
877 3538 943 3593 haec
961 3540 1044 3592 verba
1061 3540 1096 3593 ab
1113 3537 1240 3593 hocloco
1258 3537 1348 3593 aliena

168 3609 198 3661 et
227 3624 289 3677 rege
318 3607 375 3660 indi
396 3625 431 3661 na
463 3606 601 3671 videntur,
632 3610 660 3661 et
699 3624 779 3677 quem
810 3607 894 3661 etiam
922 3606 949 3659 in
982 3623 1055 3676 seqq.
1088 3607 1168 3675 plura
1195 3606 1344 3672 offendunt,

168 3674 241 3728 hunc
268 3677 357 3729 toturn
376 3624 474 3728 locum
502 3674 564 3729 indo
594 3675 628 3728 ab
655 3674 711 3729 illis
730 3674 819 3729 verbis
837 3691 920 3743 usqne
940 3673 975 3727 ad
993 3675 1075 3729 finem
1092 3692 1118 3729 v.
1138 3679 1202 3754 709..
1215 3674 1346 3742 spurium,

169 3741 218 3797 sed
249 3743 366 3797 fortasse
387 3743 440 3796 ianr
458 3759 474 3797 a
492 3744 580 3797 Tucca
597 3745 625 3796 et
643 3742 723 3797 Vario
741 3742 876 3797 adiectum
895 3745 995 3808 censet,
1029 3759 1089 3796 eum
1111 3758 1204 3810 negari
1221 3742 1347 3811 nequeat,

170 3826 232 3864 eum
250 3810 303 3863 iam
322 3827 339 3864 a
356 3812 465 3872 Seneca,
494 3810 561 3865 Silio
592 3811 621 3864 et
638 3810 698 3863 aliis
716 3811 892 3877 scriptoribus
910 3810 1031 3879 antiquis
1050 3810 1093 3863 hic
1110 3809 1212 3863 lectum
1230 3824 1295 3863 esse.
1319 3838 1346 3846 --

171 3876 237 3937 708.
266 3877 358 3932 Heius.
377 3881 404 3932 et
423 3878 507 3947 Heyn.
528 3879 636 3947 putant,
667 3878 816 3945 Vergilium
836 3877 975 3946 scripsisse
993 3877 1099 3930 dinaei
1113 3878 1240 3946 partibus
1257 3876 1348 3941 orbis,-

169 3945 261 4014 idque,
289 3963 322 3999 ne
353 3945 443 3999 omnia
473 3944 602 3999 voeabula
631 3944 711 3998 huius
740 3961 833 3999 versus
863 3945 889 3997 in
920 3962 935 3995 a
961 3944 1095 4006 desinant,
1127 3942 1248 4014 praefert
1265 3942 1348 3996 etiam

169 4012 283 4073 Peerlk,
313 4014 360 4083 qui
377 4013 510 4091 Wagnero
527 4012 566 4066 sic
586 4013 737 4116 quaereutI:
768 4012 860 4075 „Num
877 4011 961 4080 igitur
979 4027 1058 4079 quem
1079 4010 1202 4089 uamnsic
1220 4009 1291 4063 nude
1308 4009 1347 4062 di-

171 4081 242 4134 xisse
258 4084 338 4150 putas
356 4081 441 4149 genitr
456 4080 597 4150 perbibere.
611 4084 626 4107 ‘⁴
658 4094 709 4132 non
729 4079 820 4148 inepte
838 4076 996 4147 respondet:
1028 4116 1045 4141 „
1074 4094 1108 4130 on
1134 4078 1249 4131 drcrmus
1266 4075 1346 4139 nude,

170 4147 218 4202 sed
247 4148 333 4215 geniti
383 4149 488 4201 arrian
518 4146 623 4201 diuersi
652 4147 754 4199 orbia“
795 4144 848 4201 Sed
880 4144 1021 4213 vulgatam
1054 4162 1106 4199 non
1137 4145 1224 4199 solum
1253 4147 1348 4199 tuetur

171 4215 290 4269 omnium
316 4168 400 4270 eodo.
431 4215 587 4277 auctoritas,
616 4229 709 4266 verum
739 4213 820 4267 etiarn
848 4212 967 4267 imitatio
997 4211 1057 4267 Silii
1074 4213 1122 4275 IX,
1142 4216 1198 4267 434.
1232 4213 1350 4267 Stabant

170 4284 263 4336 educti
289 4283 408 4338 dicmur
437 4282 512 4337 orbis
542 4283 572 4335 in
590 4282 649 4336 oria
677 4286 705 4334 et
721 4280 831 4335 quenci
847 4280 870 4347 1,
889 4284 945 4335 758.
975 4280 1074 4336 multos
1090 4282 1212 4335 homines
1229 4281 1349 4335 dioneia

167 4350 578 4473 parqibrqiqrbifXqunenitea
596 4380 630 4388 —
649 4346 724 4471 7032
741 4349 834 4470 Ibnlthr
850 4349 1039 4471 ⁸⁶.⁶⁰²'²'⁸⁸,l?’
1067 4349 1275 4472 aldbeertuquen.2
1303 4348 1346 4470 (3224.

167 4434 263 4556 ..la
292 4435 375 4541 tn
404 4457 443 4540 a
459 4433 672 4539 emt
690 4516 719 4523 -
741 4433 1008 4549 ,tntl‘tttn
1023 4434 1349 4554 {bulborum

170 4554 280 4619 ἀγῶνα)
299 4571 348 4622 pro
370 4555 511 4608 decernere
535 4552 589 4606 ianr
607 4553 709 4606 Ennius
731 4552 800 4607 dixit
817 4553 885 4606 Αιιιι.
904 4544 949 4606 VI.
970 4553 1005 4606 fr.
1025 4558 1065 4607 13.
1083 4557 1112 4609 et
1130 4554 1208 4607 Hect.
1227 4552 1261 4606 ir.
1278 4554 1302 4607 6,
1342 4594 1347 4607 .

170 4624 211 4676 32.
232 4624 260 4675 et
280 4626 336 4677 115.
355 4621 434 4676 Vahl.
454 4625 491 4688 (p.
505 4623 544 4674 61.
559 4624 616 4675 204.
630 4624 687 4674 229.
699 4620 817 4680 flesset)
827 4619 952 4691 idemque
964 4621 1047 4675 etiam
1060 4621 1219 4691 simpliciter
1231 4619 1301 4673 Ann.
1313 4569 1347 4673 d.

171 4689 221 4742 iue.
243 4692 284 4743 80.
312 4709 338 4760 p.
359 4694 398 4744 ta.
416 4688 496 4742 Vabl.
522 4691 530 4750 (
553 4689 770 4751 ‚100.Hessel.l
800 4688 874 4741 Olim
901 4690 1045 4743 cernebant
1073 4690 1180 4755 mugnis
1207 4689 1241 4740 de
1269 4689 1349 4741 rebus

171 4758 308 4825 emmelim·
334 4774 420 4828 neque
440 4755 520 4809 aliter
533 4705 616 4810 lucr.
634 4758 665 4817 V,
683 4760 741 4810 394.
760 4757 867 4825 magnis
884 4759 1015 4811 derebus
1032 4758 1148 4812 interae
1166 4772 1275 4810 censere
1292 4773 1348 4810 cer·

172 4830 247 4891 tunt,·
278 4822 616 4887 plantarumque.
647 4843 711 4877 num
737 4825 777 4878 ibi
794 4826 828 4877 de
843 4825 946 4878 divinae
965 4833 1047 4906 atque
1065 4823 1191 4879 humare
1208 4825 1348 4894 cernitur,-

171 4891 282 4946 Snllust.
302 4892 361 4949 Cat
381 4897 422 4959 59,
441 4896 463 4945 5.
483 4908 536 4957 pro
551 4893 657 4962 patria,
676 4910 732 4961 pro
750 4892 854 4954 liberie,
883 4911 939 4963 pro
956 4910 1017 4945 area
1034 4900 1114 4961 atque
1130 4891 1204 4962 socia
1222 4909 1348 4962 emm

171 4958 269 5013 Claud.
300 4961 328 5014 in
349 4961 460 5029 Eutrop.
479 4959 501 5025 l,
522 4963 577 5014 237.
607 4977 697 5014 aecum
719 4961 850 5032 petulans
878 4962 996 5015 amerrtr'n
1019 4961 1114 5014 cernit.
1149 4960 1261 5016 Praeter
1278 4961 1348 5015 viros
