3359 5725
308 607 369 671 726
648 593 932 666 CATALEOTA.
955 596 1027 662 VH.
1049 595 1139 661 VIII.

306 767 400 849 Vale,
423 764 560 839 Sabine;
579 766 644 829 iam
664 763 780 845 valete,
799 762 945 828 formosi.

309 851 376 916 Nos
400 848 443 914 ad
464 847 579 914 beatos
600 848 675 913 vela
696 848 855 911 mittimus
875 853 1001 929 portus,

309 934 424 1019 Magni
444 939 592 1019 petentes
615 928 713 996 docta
733 930 822 995 dicta
840 924 979 1011 Sironis,

309 1018 486 1102 Vitamque
509 1011 551 1077 ab
573 1015 661 1079 omni
682 1010 923 1078 vindicabimus
945 1032 1034 1078 cura.

309 1100 359 1164 Ite
382 1098 467 1179 hinc,
488 1095 669 1180 (lamense3
692 1119 751 1163 vos
775 1115 903 1181 quoque
923 1095 969 1160 ite
991 1097 1067 1178 iam,
1090 1117 1169 1160 sane

311 1182 434 1247 Dulces
457 1180 622 1246 Camenae
643 1216 686 1226 -
706 1202 783 1244 nam
805 1174 981 1243 fatebimur
1003 1201 1127 1262 verum,

312 1263 436 1329 Dulces
458 1263 580 1327 fuistis·
604 1299 643 1310 -
666 1271 829 1327 ettamen
851 1281 941 1326 meas
964 1261 1095 1328 chartas

311 1347 501 1428 Revisitote‚
524 1312 582 1411 sed
605 1345 765 1434 pudenter
787 1354 820 1409 et
843 1366 928 1410 raro.

533 1495 609 1550 VIII.
644 1496 691 1549 DE
710 1494 840 1550 SABINO
860 1494 1019 1550 PARODIA
1036 1495 1273 1552 clTULLlANl.

314 1597 456 1663 Sabinus
477 1595 542 1674 ille,
588 1618 660 1662 uem
682 1595 810 1678 videtis,
833 1596 988 1683 hospites,

314 1681 371 1746 Ait
391 1682 493 1746 fuisse
515 1702 545 1744 m
584 1681 613 1745 'o
635 1680 834 1762 celerrimus,

315 1764 428 1851 Neque
449 1762 545 1827 ullius
568 1762 709 1829 volantis
731 1764 889 1849 impetum
911 1763 970 1827 cisi

315 1846 478 1934 Nequisse
500 1849 690 1933 praeterire,
715 1847 784 1911 sive
803 1844 973 1910 Mantuam

315 1928 410 2017 Opus
432 1931 516 1995 foret
537 1929 648 1995 volare
672 1931 741 1995 sive
762 1928 922 1993 Brixiam.

316 2012 361 2077 Et
384 2012 447 2077 hoc
469 2023 568 2098 negat
590 2012 780 2101 Tryphonis
803 2011 923 2076 aemuli
945 2010 1078 2077 domum

318 2293 388 2348 hanc
409 2290 492 2349 Oedi.
516 2292 659 2348 lectionem
686 2291 814 2347 Ribbeck.
836 2293 865 2346 et
885 2292 1019 2358 Bennist.;
1045 2293 1146 2363 Haupt.
1170 2308 1233 2347 vero
1260 2308 1291 2347 ex
1319 2294 1391 2348 coni
1418 2292 1502 2347 edidit

318 2379 404 2415 carisa
425 2378 563 2415 curarum.
597 2360 691 2415 Heius.
710 2360 777 2415 cuni.
797 2360 958 2424 Musarum,
981 2361 1122 2415 Schrader.
1138 2362 1315 2430 chartarium
1340 2361 1390 2415 sed
1408 2360 1501 2415 Musae

318 2429 390 2483 inira
413 2427 521 2482 demum
544 2445 568 2485 v.
591 2431 629 2483 ll.
656 2428 745 2483 valere
767 2428 903 2482 iubentur.
925 2459 958 2468 -
983 2428 1011 2488 8.
1036 2430 1111 2483 vela
1132 2430 1307 2490 mittimus,
1331 2428 1352 2482 i.
1370 2444 1394 2482 e.
1413 2445 1499 2482 naves

318 2496 362 2552 Sic
386 2497 469 2550 etiam
487 2496 565 2552 Orici.
583 2513 614 2550 ex
633 2496 663 2550 P.
681 2497 728 2564 IV,
749 2500 788 2561 14,
807 2501 831 2551 9.
868 2496 902 2549 In
925 2498 1030 2551 medaba
1047 2497 1140 2566 Syrtes
1161 2496 1335 2565 metiumque
1356 2514 1420 2550 meo
1442 2496 1500 2550 vela

320 2563 480 2634 Charybdin
497 2565 585 2618 Mitte.
605 2593 635 2603 —
655 2567 699 2618 ad
716 2567 833 2618 beator
849 2571 984 2633 portus,
1003 2564 1059 2618 scil.
1078 2564 1276 2632 philosophiae,
1314 2579 1367 2617 uae
1386 2563 1500 2633 sapienti

319 2648 369 2701 pro
387 2635 468 2701 portu
487 2634 538 2700 est,
559 2632 731 2686 securitatem
751 2637 779 2686 et
796 2631 880 2685 animi
896 2632 1124 2701 tranquillitatem
1142 2631 1229 2686 affert.
1248 2664 1281 2672 —
1294 2580 1326 2692 h.
1348 2632 1500 2695 Sironis,

322 2716 401 2769 quem
423 2715 488 2753 sane
500 2699 638 2780 Vergilius
650 2700 750 2753 Romae
770 2698 883 2753 audivit.
918 2699 959 2752 ct.
981 2700 1052 2753 Diss.
1071 2716 1131 2754 mea
1150 2699 1183 2753 de
1199 2700 1256 2753 vita
1275 2701 1303 2753 et
1321 2715 1409 2770 caum
1424 2700 1461 2752 Ve
1492 2665 1520 2752 ,Ἰ

314 2769 457 2833 now-2-
474 2766 585 2821 Sironis
606 2770 697 2821 antem
721 2783 769 2836 pro
791 2765 865 2835 vulg.
906 2769 1002 2836 yronir
1025 2783 1085 2820 cum
1110 2768 1227 2837 Hauptio
1251 2769 1280 2820 et
1324 2767 1452 2821 osteriori
1472 2761 1517 2818 ιε’

319 2834 467 2889 editoribus
489 2835 654 2905 scripsimus,
674 2835 736 2905 quia
758 2836 800 2889 est
817 2833 949 2890 Graecum
972 2851 1068 2890 nomen
1086 2840 1203 2905 Σείρων.
1225 2865 1260 2874 -
1312 2877 1319 2889 .
1342 2834 1386 2895 ll.
1410 2839 1500 2905 aperte

320 2905 463 2972 corruptus
488 2906 530 2957 est
553 2906 581 2958 et
602 2903 703 2957 multas
721 2903 839 2957 virorum
858 2902 930 2957 doct.
949 2904 1117 2958 coniecturas
1133 2902 1301 2972 provocarit.
1324 2920 1444 2973 quarum
1462 2920 1500 2956 re·

319 2971 451 3025 cautiores
468 2970 548 3025 modo
566 2987 752 3025 commemoro.
778 2970 864 3039 Heyn.
896 2987 925 3024 ro
942 2971 1013 3040 vulg.
1026 2990 1076 3026 vor
1092 2987 1199 3040 quoquc
1216 2972 1303 3024 limita
1319 2989 1423 3025 saevae
1435 2970 1499 3025 hanc

319 3039 458 3108 proponit:
482 3039 505 3092 I.
528 3039 563 3105 lu,
585 3037 622 3105 0,
650 3056 715 3093 voce
736 3037 841 3092 madito
885 3039 958 3105 icoo,
980 3039 1008 3092 in
1035 3056 1088 3109 qua
1112 3039 1206 3107 Wagn.
1230 3039 1371 3158 vituperat
1393 3039 1499 3108 longam

321 3105 465 3186 anecrusin
487 3106 633 3175 antispasti
663 3147 692 3152 -
711 3117 744 3154 -1
761 3118 793 3157 Δ
813 3146 857 3169 -,
886 3106 932 3175 qui
959 3106 1017 3176 ipss
1044 3106 1134 3186 potins
1158 3105 1267 3161 coniicit
1307 3151 1312 3160 .
1337 3107 1365 3160 Ιι.
1389 3106 1430 3173 C,
1455 3123 1500 3159 cor

323 3174 827 3322 renarrantem
838 3190 929 3295 1..
944 3175 1043 3296 nu
1055 3176 1237 3297 turbt
1253 3174 1500 3322 suunt

320 3309 344 3363 I.
367 3309 403 3369 h,
424 3307 464 3371 0.,
483 3310 575 3363 lenisse
593 3317 629 3363 ste
645 3326 695 3363 vor
712 3317 799 3364 actae
833 3309 991 3378 Hertabcrg.
1011 3325 1073 3363 vero
1091 3310 1170 3378 paulo
1188 3309 1317 3363 audacrus
1337 3310 1503 3380 Hymettrdu

324 3375 449 3430 Suades.
485 3377 586 3446 Haupt.
605 3375 666 3430 deni
686 3391 719 3430 ue
737 3377 764 3430 id
782 3376 953 3446 excogitavit,
988 3378 1040 3430 uod
1061 3394 1109 3430 nos
1126 3394 1186 3431 curn
1204 3377 1402 3431 recentioribus
1418 3377 1501 3431 edito·

322 3444 399 3522 ribus
416 3444 444 3497 in
463 3446 590 3499 contextu
611 3393 789 3498 exhihuimnr.
802 3475 835 3484 -
855 3443 946 3524 13sq.
1005 3462 1032 3498 m
1051 3445 1111 3514 ipsa
1128 3445 1263 3499 sententia
1282 3443 1317 3499 ci.
1328 3445 1409 3501 ovid.
1421 3446 1500 3499 Trist

327 3511 366 3565 11.
385 3526 422 3566 ιιι.
441 3511 488 3577 IV,
508 3516 530 3578 1,
549 3515 590 3564 27.
609 3511 643 3573 V,
661 3515 685 3575 7,
704 3515 733 3565 31
756 3528 814 3581 sqq.
833 3514 863 3565 et
882 3511 985 3567 slmiles
1003 3512 1117 3567 aliorum
1134 3513 1216 3567 locos.

805 3635 1015 3643 ——m

387 3710 462 3766 VIII.
479 3710 827 3768 Vid.rinthol.Lat.Burm.
840 3713 943 3776 11,130.
957 3733 977 3769 s.
987 3716 1087 3783 Meyeri
1097 3731 1123 3768 n.
1137 3717 1193 3768 102.
1212 3714 1349 3783 Scriptam
1364 3732 1424 3772 esse
1436 3716 1500 3770 hane

339 3778 468 3843 arodiam,
487 3795 569 3848 quam
587 3783 693 3844 vocant,
712 3781 838 3835 carminis
850 3781 897 3836 IV.
916 3781 1064 3836 Catulliani
1082 3782 1114 3837 da
1126 3781 1241 3836 Phaselc
1260 3783 1287 3835 in
1299 3782 1332 3836 P.
1345 3783 1500 3839 Ventidium

319 3798 445 3912 hessam,
463 3846 600 3902 hominem
617 3847 709 3902 infimo
727 3848 785 3903 loco
804 3852 899 3902 natum
918 3853 945 3904 et
963 3850 997 3904 ad
1016 3866 1150 3905 summum
1188 3849 1195 3862 '
1217 3851 1315 3912 nitatis
1332 3854 1362 3905 et
1379 3852 1500 3906 fortium

318 3917 405 3970 locum
418 3919 548 3980 evectum,
561 3916 720 3981 (Consulatu
732 3917 798 3971 adeo
811 3917 934 3972 iunctum
946 3917 1129 3986 sucini,
1139 3918 1195 3972 mul
1210 3917 1234 3972 is
1243 3918 1324 3972 docet
1334 3918 1433 3989 Heyn,
1444 3919 1499 3974 coll.

320 3982 408 4038 Gellio
426 3984 484 4043 XV.
503 3988 528 4038 l.
547 3983 635 4038 Plinio
654 3985 713 4051 Vll,
725 3989 765 4039 st.
786 3988 815 4038 et
831 3989 921 4039 vetere
940 3986 985 4040 illo
997 3986 1213 4056 Epigrammata:
1234 3984 1399 4041 concurrite
1417 4004 1501 4041 omna

319 4068 448 4118 cuperes,
469 4051 628 4122 omapices:
647 4053 808 4107 Portentum
820 4053 979 4107 inarctatum
992 4072 1044 4107 corr
1066 4061 1141 4107 otum
1152 4061 1192 4107 eet
1203 4070 1312 4108 recena:
1329 4055 1407 4109 Nam
1419 4056 1501 4109 mbr

340 4119 371 4171 ui
390 4119 529 4187 fricabat,
551 4119 653 4174 Coerani
670 4122 762 4187 factm
780 4129 827 4175 cst.
847 4151 880 4160 —-
906 4118 932 4179 2.
960 4122 1012 4174 ait
1049 4123 1138 4176 uisae
1156 4121 1360 4177 celerrimus.
1398 4124 1438 4178 Do
1455 4124 1500 4178 hos

320 4138 484 4308 irrasus
501 4190 610 4309 ιιιι
627 4187 917 4310 stlembus
929 4187 1066 4311 brt
1080 4187 1188 4311 tab
1202 4190 1502 4314 sinubat

319 4272 444 4401 davithus.
471 4351 503 4360 —
529 4321 554 4383 3.
571 4323 666 4403 ,Ηιιιι
690 4324 728 4377 sic
752 4273 1037 4404 ex’plicatfflullids,
1064 4324 1129 4404 licet
1146 4301 1280 4404 celerrimi
1297 4282 1376 4391 ci’sii,¹
1398 4302 1500 4383 cursum

318 4391 440 4457 potuisse
462 4393 608 4456 praeterire
631 4391 674 4446 rel
696 4407 822 4460 superare
846 4408 940 4445 cisium
962 4392 1088 4446 muhcnrs
1110 4392 1205 4458 huius,
1230 4396 1259 4447 et
1277 4412 1393 4464 aequas
1460 4398 1466 4409 '

323 4456 425 4512 Graeco
445 4473 519 4510 more
536 4474 584 4526 pro
605 4477 661 4513 non
676 4461 800 4539 potuisse
817 4459 919 4513 dictum
938 4462 1032 4529 putat3
1050 4459 1097 4514 sed
1115 4460 1217 4514 rectius
1228 4460 1327 4529 Wagn.
1349 4411 1501 4519 hiem

322 4540 388 4578 num
406 4524 513 4578 dicendi
532 4543 610 4580 usum
628 4527 750 4582 obtinere
768 4531 859 4581 censet
878 4529 906 4581 et
918 4528 1046 4597 impetum
1058 4544 1106 4596 pro
1118 4527 1231 4583 Obiecto
1245 4531 1402 4588 sententiae
1415 4533 1499 4591 habeb

319 4594 351 4645 ut
369 4592 484 4648 Sabinus
502 4592 585 4659 dicat,
605 4611 634 4648 se
652 4594 772 4663 potuisse
792 4594 908 4649 cuiusvis
927 4594 986 4648 cisii
1003 4596 1134 4665 impetum
1171 4596 1310 4651 raeterire.
1351 4600 1390 4654 De
1408 4601 1499 4661 cisio,

319 4659 437 4714 vehiculi
461 4660 570 4716 levioris
588 4679 687 4731 genere
705 4661 810 4717 duabus
828 4663 896 4716 rotis
914 4663 1055 4743 instructi,
1081 4662 1133 4717 rid.
1186 4666 1276 4734 terpp.
1301 4666 1339 4721 ad
1357 4667 1412 4724 Cic.
1430 4669 1500 4723 Roas.

318 4728 378 4781 Am.
405 4732 429 4780 t.
453 4732 482 4782 st
504 4729 576 4786 Phil.
599 4730 640 4793 11,
665 4734 705 4784 31.
737 4730 863 4785 Schetier.
887 4730 919 4784 de
945 4747 974 4784 re
995 4730 1079 4785 velue
1101 4731 1128 4784 II
1167 4735 1206 4787 18.
1229 4749 1258 4802 p.
1284 4736 1346 4790 220.
1369 4737 1445 4793 alios.
1472 4766 1500 4776 -

318 4794 346 4874 6:
367 4795 456 4865 Vulgo
477 4796 575 4877 Neque
591 4798 643 4852 boc
659 4806 741 4877 nepot
753 4800 799 4852 Tr.
818 4798 921 4877 (ιειιιιὶἱ
932 4799 1058 4866 domam5
1077 4771 1407 4923 sslewmllam
1424 4805 1500 4874 respi-

320 4877 401 4925 ciens,
421 4879 482 4917 cum
500 4864 612 4920 Prthoeo
631 4868 659 4919 et
670 4864 741 4919 Scalr
764 4908 769 4919 .
788 4868 890 4934 recepit
905 4866 944 4917 Et
962 4867 1013 4920 hoc
1031 4875 1111 4935 nepot
1128 4895 1140 4906 ·
1154 4895 1166 4906 -
1301 4913 1308 4934 ,
1327 4873 1357 4927 in
1376 4891 1429 4943 quo
1447 4888 1500 4928 eum

321 4943 382 4981 cum
395 4930 511 5000 hleyerc,
525 4932 645 5002 Hauptio
657 4935 685 4987 et
696 4948 744 5002 pos
775 4933 890 4987 rioribus
903 4934 990 4987 secuti
1002 4951 1104 4988 sumus.
1124 4933 1211 5002 Heyn.
1220 4951 1283 4991 cum
1298 4939 1337 4994 Is.
1346 4942 1442 4996 Vossic
1453 4938 1500 5009 lagi

319 4994 440 5050 volebat:
460 4999 500 5051 Et
518 5000 570 5054 boc
587 5018 635 5055 nec
646 5007 695 5055 cat
712 5029 747 5043 -·
757 5003 868 5055 domum
879 5002 998 5069 Nepam,
1013 5002 1069 5059 scil.
1084 5002 1132 5056 ait.
1151 5001 1205 5057 Sed
1218 5004 1287 5073 qnid
1300 5007 1356 5065 sibi
1370 5012 1429 5065 vult
1440 5006 1500 5064 illud
