<?xml version="1.0" encoding="UTF-8"?>
<!DOCTYPE html PUBLIC "-//W3C//DTD XHTML 1.0 Transitional//EN"
    "http://www.w3.org/TR/xhtml1/DTD/xhtml1-transitional.dtd">
<html xmlns="http://www.w3.org/1999/xhtml" xml:lang="en" lang="en">
 <head>
  <title>
</title>
<meta http-equiv="Content-Type" content="text/html;charset=utf-8" />
  <meta name='ocr-system' content='tesseract 3.04.00' />
  <meta name='ocr-capabilities' content='ocr_page ocr_carea ocr_par ocr_line ocrx_word'/>
</head>
<body>
  <div class='ocr_page' id='page_1' title='image "./opera00virggoog/opera00virggoog_0656.png"; bbox 0 0 3359 5725; ppageno 0'>
   <div class='ocr_carea' id='block_1_1' title="bbox 548 551 1346 626">
    <p class='ocr_par' dir='ltr' id='par_1_1' title="bbox 548 551 1346 626">
     <span class='ocr_line' id='line_1_1' title="bbox 548 551 1346 626; baseline 0.011 -9"><span class='ocrx_word' id='word_1_1' title='bbox 548 551 780 619; x_wconf 77' lang='lat' dir='ltr'>AENEDOS</span> <span class='ocrx_word' id='word_1_2' title='bbox 802 551 888 620; x_wconf 88' lang='lat' dir='ltr'>LIB.</span> <span class='ocrx_word' id='word_1_3' title='bbox 908 551 986 619; x_wconf 82' lang='lat' dir='ltr'>XII</span> <span class='ocrx_word' id='word_1_4' title='bbox 1284 563 1346 626; x_wconf 93' lang='grc'>611</span> 
     </span>
    </p>
   </div>
   <div class='ocr_carea' id='block_1_2' title="bbox 171 717 1345 1305">
    <p class='ocr_par' dir='ltr' id='par_1_2' title="bbox 171 717 1345 1051">
     <span class='ocr_line' id='line_1_2' title="bbox 172 717 1345 786; baseline 0.002 -3"><span class='ocrx_word' id='word_1_5' title='bbox 172 717 241 784; x_wconf 88' lang='lat' dir='ltr'>Nec</span> <span class='ocrx_word' id='word_1_6' title='bbox 260 726 297 784; x_wconf 95' lang='lat' dir='ltr'>tu</span> <span class='ocrx_word' id='word_1_7' title='bbox 316 733 369 782; x_wconf 86' lang='lat' dir='ltr'>me</span> <span class='ocrx_word' id='word_1_8' title='bbox 382 719 482 783; x_wconf 78' lang='lat' dir='ltr'>ae&#39;ria</span> <span class='ocrx_word' id='word_1_9' title='bbox 503 718 607 784; x_wconf 89' lang='lat' dir='ltr'>solam</span> <span class='ocrx_word' id='word_1_10' title='bbox 628 741 714 784; x_wconf 92' lang='lat' dir='ltr'>nunc</span> <span class='ocrx_word' id='word_1_11' title='bbox 736 718 814 784; x_wconf 91' lang='lat' dir='ltr'>sede</span> <span class='ocrx_word' id='word_1_12' title='bbox 835 718 966 785; x_wconf 89' lang='lat' dir='ltr'>videres</span> <span class='ocrx_word' id='word_1_13' title='bbox 1295 735 1345 786; x_wconf 82' lang='grc'>816</span> 
     </span>
     <span class='ocr_line' id='line_1_3' title="bbox 171 799 1193 888; baseline 0.002 -21"><span class='ocrx_word' id='word_1_14' title='bbox 171 802 284 888; x_wconf 85' lang='lat' dir='ltr'>Digna</span> <span class='ocrx_word' id='word_1_15' title='bbox 305 799 442 887; x_wconf 86' lang='lat' dir='ltr'>indigna</span> <span class='ocrx_word' id='word_1_16' title='bbox 485 804 540 885; x_wconf 90' lang='lat' dir='ltr'>ati,</span> <span class='ocrx_word' id='word_1_17' title='bbox 563 802 621 867; x_wconf 90' lang='lat' dir='ltr'>sed</span> <span class='ocrx_word' id='word_1_18' title='bbox 642 802 783 867; x_wconf 89' lang='lat' dir='ltr'>flammis</span> <span class='ocrx_word' id='word_1_19' title='bbox 806 806 914 868; x_wconf 90' lang='lat' dir='ltr'>cincta</span> <span class='ocrx_word' id='word_1_20' title='bbox 936 803 997 868; x_wconf 90' lang='lat' dir='ltr'>sub</span> <span class='ocrx_word' id='word_1_21' title='bbox 1019 805 1031 868; x_wconf 95' lang='lat' dir='ltr'>i</span> <span class='ocrx_word' id='word_1_22' title='bbox 1056 827 1094 869; x_wconf 87' lang='lat' dir='ltr'>sa</span> <span class='ocrx_word' id='word_1_23' title='bbox 1191 866 1193 869; x_wconf 84' lang='grc'><strong>,</strong></span> 
     </span>
     <span class='ocr_line' id='line_1_4' title="bbox 172 824 1180 971; baseline 0.002 -21"><span class='ocrx_word' id='word_1_24' title='bbox 172 884 302 950; x_wconf 86' lang='lat' dir='ltr'>Starem</span> <span class='ocrx_word' id='word_1_25' title='bbox 323 885 393 949; x_wconf 92' lang='lat' dir='ltr'>acie</span> <span class='ocrx_word' id='word_1_26' title='bbox 415 824 642 971; x_wconf 75' lang='lat' dir='ltr'>traberemque</span> <span class='ocrx_word' id='word_1_27' title='bbox 664 886 798 950; x_wconf 88' lang='lat' dir='ltr'>inimica</span> <span class='ocrx_word' id='word_1_28' title='bbox 819 887 854 950; x_wconf 92' lang='lat' dir='ltr'>in</span> <span class='ocrx_word' id='word_1_29' title='bbox 877 885 1001 971; x_wconf 91' lang='lat' dir='ltr'>proelia</span> <span class='ocrx_word' id='word_1_30' title='bbox 1023 825 1180 954; x_wconf 59' lang='lat' dir='ltr'>leucros.</span> 
     </span>
     <span class='ocr_line' id='line_1_5' title="bbox 171 969 959 1051; baseline 0 -18"><span class='ocrx_word' id='word_1_31' title='bbox 171 969 342 1034; x_wconf 78' lang='lat' dir='ltr'>Iuturnam</span> <span class='ocrx_word' id='word_1_32' title='bbox 365 969 495 1051; x_wconf 87' lang='lat' dir='ltr'>misero,</span> <span class='ocrx_word' id='word_1_33' title='bbox 515 969 630 1050; x_wconf 82' lang='lat' dir='ltr'>fateor,</span> <span class='ocrx_word' id='word_1_34' title='bbox 652 991 843 1035; x_wconf 81' lang='lat' dir='ltr'>succurrere</span> <span class='ocrx_word' id='word_1_35' title='bbox 863 969 959 1034; x_wconf 84' lang='lat' dir='ltr'>fratri</span> 
     </span>
    </p>

    <p class='ocr_par' dir='ltr' id='par_1_3' title="bbox 172 1050 968 1305">
     <span class='ocr_line' id='line_1_6' title="bbox 173 1050 968 1134; baseline 0 -18"><span class='ocrx_word' id='word_1_36' title='bbox 173 1050 271 1117; x_wconf 87' lang='lat' dir='ltr'>Suasi</span> <span class='ocrx_word' id='word_1_37' title='bbox 292 1060 324 1116; x_wconf 91' lang='lat' dir='ltr'>et</span> <span class='ocrx_word' id='word_1_38' title='bbox 369 1073 406 1116; x_wconf 92' lang='lat' dir='ltr'>ro</span> <span class='ocrx_word' id='word_1_39' title='bbox 429 1053 496 1116; x_wconf 83' lang='lat' dir='ltr'>rita</span> <span class='ocrx_word' id='word_1_40' title='bbox 518 1053 643 1117; x_wconf 90' lang='lat' dir='ltr'>maiora</span> <span class='ocrx_word' id='word_1_41' title='bbox 665 1051 787 1118; x_wconf 81' lang='lat' dir='ltr'>audere</span> <span class='ocrx_word' id='word_1_42' title='bbox 832 1052 968 1134; x_wconf 81' lang='lat' dir='ltr'>robavi3</span> 
     </span>
     <span class='ocr_line' id='line_1_7' title="bbox 172 1074 830 1217; baseline 0.002 -18"><span class='ocrx_word' id='word_1_43' title='bbox 172 1135 247 1199; x_wconf 91' lang='lat' dir='ltr'>Non</span> <span class='ocrx_word' id='word_1_44' title='bbox 264 1141 299 1199; x_wconf 92' lang='lat' dir='ltr'>ut</span> <span class='ocrx_word' id='word_1_45' title='bbox 317 1143 383 1199; x_wconf 89' lang='lat' dir='ltr'>tea</span> <span class='ocrx_word' id='word_1_46' title='bbox 400 1145 522 1217; x_wconf 88' lang='lat' dir='ltr'>tamen,</span> <span class='ocrx_word' id='word_1_47' title='bbox 544 1157 609 1199; x_wconf 90' lang='lat' dir='ltr'>non</span> <span class='ocrx_word' id='word_1_48' title='bbox 630 1144 666 1199; x_wconf 92' lang='lat' dir='ltr'>ut</span> <span class='ocrx_word' id='word_1_49' title='bbox 687 1074 830 1201; x_wconf 76' lang='lat' dir='ltr'>contend</span> 
     </span>
     <span class='ocr_line' id='line_1_8' title="bbox 173 1216 901 1305; baseline 0.004 -23"><span class='ocrx_word' id='word_1_50' title='bbox 173 1216 299 1283; x_wconf 86' lang='lat' dir='ltr'>Adiuro</span> <span class='ocrx_word' id='word_1_51' title='bbox 323 1218 431 1305; x_wconf 76' lang='lat' dir='ltr'>Stygii</span> <span class='ocrx_word' id='word_1_52' title='bbox 453 1225 552 1305; x_wconf 92' lang='lat' dir='ltr'>caput</span> <span class='ocrx_word' id='word_1_53' title='bbox 572 1216 772 1305; x_wconf 74' lang='lat' dir='ltr'>inplacabile</span> <span class='ocrx_word' id='word_1_54' title='bbox 792 1218 901 1302; x_wconf 84' lang='lat' dir='ltr'>sontis,</span> 
     </span>
    </p>
   </div>
   <div class='ocr_carea' id='block_1_3' title="bbox 176 1404 383 1415">
    <p class='ocr_par' dir='ltr' id='par_1_4' title="bbox 176 1404 383 1415">
     <span class='ocr_line' id='line_1_9' title="bbox 176 1404 383 1415; baseline 0 -2"><span class='ocrx_word' id='word_1_55' title='bbox 176 1404 383 1415; x_wconf 58' lang='grc' dir='ltr'>..ο-...-</span> 
     </span>
    </p>
   </div>
   <div class='ocr_carea' id='block_1_4' title="bbox 172 1517 1346 2046">
    <p class='ocr_par' dir='ltr' id='par_1_5' title="bbox 172 1517 1346 2046">
     <span class='ocr_line' id='line_1_10' title="bbox 173 1517 1346 1584; baseline -0.003 -7"><span class='ocrx_word' id='word_1_56' title='bbox 173 1517 237 1580; x_wconf 87' lang='grc'><strong>810.</strong></span> <span class='ocrx_word' id='word_1_57' title='bbox 266 1519 344 1573; x_wconf 85' lang='lat' dir='ltr'>Nea</span> <span class='ocrx_word' id='word_1_58' title='bbox 372 1525 439 1572; x_wconf 82' lang='lat' dir='ltr'>tn·</span> <span class='ocrx_word' id='word_1_59' title='bbox 469 1519 673 1584; x_wconf 75' lang='grc'><strong>-6866666,</strong></span> <span class='ocrx_word' id='word_1_60' title='bbox 703 1517 761 1573; x_wconf 86' lang='lat' dir='ltr'>scil.</span> <span class='ocrx_word' id='word_1_61' title='bbox 791 1519 846 1574; x_wconf 89' lang='lat' dir='ltr'>nisi</span> <span class='ocrx_word' id='word_1_62' title='bbox 872 1519 939 1575; x_wconf 87' lang='lat' dir='ltr'>haec</span> <span class='ocrx_word' id='word_1_63' title='bbox 967 1521 1008 1574; x_wconf 88' lang='lat' dir='ltr'>ita</span> <span class='ocrx_word' id='word_1_64' title='bbox 1035 1536 1064 1576; x_wconf 89' lang='lat' dir='ltr'>se</span> <span class='ocrx_word' id='word_1_65' title='bbox 1093 1519 1224 1577; x_wconf 89' lang='lat' dir='ltr'>haberent</span> <span class='ocrx_word' id='word_1_66' title='bbox 1253 1522 1346 1574; x_wconf 85' lang='lat' dir='ltr'>etro·</span> 
     </span>
     <span class='ocr_line' id='line_1_11' title="bbox 173 1586 1345 1643; baseline 0.002 -3"><span class='ocrx_word' id='word_1_67' title='bbox 173 1587 266 1641; x_wconf 86' lang='lat' dir='ltr'>luntas</span> <span class='ocrx_word' id='word_1_68' title='bbox 300 1588 349 1640; x_wconf 86' lang='lat' dir='ltr'>tua</span> <span class='ocrx_word' id='word_1_69' title='bbox 381 1586 447 1640; x_wconf 92' lang='lat' dir='ltr'>mihi</span> <span class='ocrx_word' id='word_1_70' title='bbox 481 1588 554 1641; x_wconf 88' lang='lat' dir='ltr'>esset</span> <span class='ocrx_word' id='word_1_71' title='bbox 590 1586 596 1599; x_wconf 88' lang='lat'>&#39;</span> <span class='ocrx_word' id='word_1_72' title='bbox 636 1589 691 1641; x_wconf 89' lang='lat' dir='ltr'>ota.</span> <span class='ocrx_word' id='word_1_73' title='bbox 737 1586 778 1643; x_wconf 82' lang='grc'>01.</span> <span class='ocrx_word' id='word_1_74' title='bbox 814 1586 897 1641; x_wconf 90' lang='lat' dir='ltr'>etiam</span> <span class='ocrx_word' id='word_1_75' title='bbox 933 1586 1005 1642; x_wconf 82' lang='lat' dir='ltr'>inira</span> <span class='ocrx_word' id='word_1_76' title='bbox 1038 1604 1063 1642; x_wconf 87' lang='lat' dir='ltr'>v.</span> <span class='ocrx_word' id='word_1_77' title='bbox 1094 1591 1153 1643; x_wconf 82' lang='grc'><strong>879.</strong></span> <span class='ocrx_word' id='word_1_78' title='bbox 1183 1589 1211 1642; x_wconf 92' lang='grc'>66</span> <span class='ocrx_word' id='word_1_79' title='bbox 1240 1586 1345 1642; x_wconf 86' lang='grc'><strong>666666.</strong></span> 
     </span>
     <span class='ocr_line' id='line_1_12' title="bbox 173 1653 1345 1724; baseline 0.001 -15"><span class='ocrx_word' id='word_1_80' title='bbox 173 1653 209 1708; x_wconf 87' lang='lat' dir='ltr'>ad</span> <span class='ocrx_word' id='word_1_81' title='bbox 238 1654 303 1709; x_wconf 84' lang='lat' dir='ltr'>Gen.</span> <span class='ocrx_word' id='word_1_82' title='bbox 334 1653 386 1721; x_wconf 89' lang='lat' dir='ltr'>III,</span> <span class='ocrx_word' id='word_1_83' title='bbox 414 1657 471 1708; x_wconf 89' lang='grc'><strong>562.</strong></span> <span class='ocrx_word' id='word_1_84' title='bbox 497 1683 530 1693; x_wconf 90' lang='grc'>-</span> <span class='ocrx_word' id='word_1_85' title='bbox 555 1653 616 1712; x_wconf 87' lang='grc'>81.</span> <span class='ocrx_word' id='word_1_86' title='bbox 646 1655 754 1722; x_wconf 77' lang='lat' dir='ltr'>diqma</span> <span class='ocrx_word' id='word_1_87' title='bbox 782 1655 924 1724; x_wconf 71' lang='lat' dir='ltr'>indique</span> <span class='ocrx_word' id='word_1_88' title='bbox 975 1655 1032 1709; x_wconf 81' lang='lat' dir='ltr'>uti.</span> <span class='ocrx_word' id='word_1_89' title='bbox 1075 1655 1118 1710; x_wconf 83' lang='lat' dir='ltr'>CI.</span> <span class='ocrx_word' id='word_1_90' title='bbox 1147 1654 1238 1709; x_wconf 88' lang='lat' dir='ltr'>Plaut.</span> <span class='ocrx_word' id='word_1_91' title='bbox 1270 1654 1345 1711; x_wconf 80' lang='lat' dir='ltr'>Asin.</span> 
     </span>
     <span class='ocr_line' id='line_1_13' title="bbox 172 1720 1345 1788; baseline 0.002 -13"><span class='ocrx_word' id='word_1_92' title='bbox 172 1720 196 1785; x_wconf 94' lang='grc' dir='ltr'>Ι,</span> <span class='ocrx_word' id='word_1_93' title='bbox 214 1724 238 1785; x_wconf 81' lang='grc'>3,</span> <span class='ocrx_word' id='word_1_94' title='bbox 257 1724 298 1775; x_wconf 85' lang='grc'>94.</span> <span class='ocrx_word' id='word_1_95' title='bbox 328 1721 438 1788; x_wconf 77' lang='lat' dir='ltr'>Dipnoe</span> <span class='ocrx_word' id='word_1_96' title='bbox 465 1721 597 1788; x_wconf 76' lang='lat' dir='ltr'>indiqnae</span> <span class='ocrx_word' id='word_1_97' title='bbox 624 1722 705 1776; x_wconf 78' lang='lat' dir='ltr'>adire</span> <span class='ocrx_word' id='word_1_98' title='bbox 732 1724 761 1776; x_wconf 90' lang='lat' dir='ltr'>et</span> <span class='ocrx_word' id='word_1_99' title='bbox 787 1721 842 1776; x_wconf 81' lang='lat' dir='ltr'>vid.</span> <span class='ocrx_word' id='word_1_100' title='bbox 872 1722 942 1777; x_wconf 89' lang='lat' dir='ltr'>aduo</span> <span class='ocrx_word' id='word_1_101' title='bbox 972 1763 979 1776; x_wconf 91' lang='lat'><strong>.</strong></span> <span class='ocrx_word' id='word_1_102' title='bbox 1008 1722 1043 1776; x_wconf 87' lang='lat' dir='ltr'>ad</span> <span class='ocrx_word' id='word_1_103' title='bbox 1064 1722 1111 1788; x_wconf 87' lang='lat' dir='ltr'>IX,</span> <span class='ocrx_word' id='word_1_104' title='bbox 1134 1726 1191 1777; x_wconf 87' lang='grc'><strong>595.</strong></span> <span class='ocrx_word' id='word_1_105' title='bbox 1220 1721 1268 1786; x_wconf 84' lang='lat' dir='ltr'>IV,</span> <span class='ocrx_word' id='word_1_106' title='bbox 1289 1726 1345 1777; x_wconf 87' lang='grc'><strong>190.</strong></span> 
     </span>
     <span class='ocr_line' id='line_1_14' title="bbox 174 1786 1346 1859; baseline 0.001 -16"><span class='ocrx_word' id='word_1_107' title='bbox 174 1789 210 1843; x_wconf 82' lang='lat' dir='ltr'>al</span> <span class='ocrx_word' id='word_1_108' title='bbox 256 1786 333 1841; x_wconf 82' lang='lat' dir='ltr'>Adde</span> <span class='ocrx_word' id='word_1_109' title='bbox 361 1786 444 1841; x_wconf 86' lang='lat' dir='ltr'>etiam</span> <span class='ocrx_word' id='word_1_110' title='bbox 471 1789 571 1857; x_wconf 80' lang='lat' dir='ltr'>intpp.=</span> <span class='ocrx_word' id='word_1_111' title='bbox 592 1788 627 1842; x_wconf 89' lang='lat' dir='ltr'>ad</span> <span class='ocrx_word' id='word_1_112' title='bbox 656 1788 715 1844; x_wconf 84' lang='lat' dir='ltr'>Liv.</span> <span class='ocrx_word' id='word_1_113' title='bbox 742 1789 840 1858; x_wconf 83' lang='lat' dir='ltr'>XXIV,</span> <span class='ocrx_word' id='word_1_114' title='bbox 864 1793 904 1858; x_wconf 94' lang='grc'>16,</span> <span class='ocrx_word' id='word_1_115' title='bbox 934 1789 1203 1859; x_wconf 68' lang='grc'><strong>11.-,1166666666</strong></span> <span class='ocrx_word' id='word_1_116' title='bbox 1233 1790 1346 1844; x_wconf 82' lang='lat' dir='ltr'>cincta</span> 
     </span>
     <span class='ocr_line' id='line_1_15' title="bbox 174 1855 1346 1926; baseline 0.003 -18"><span class='ocrx_word' id='word_1_117' title='bbox 174 1855 209 1909; x_wconf 88' lang='grc'>66</span> <span class='ocrx_word' id='word_1_118' title='bbox 239 1858 370 1909; x_wconf 86' lang='lat' dir='ltr'>terrorem</span> <span class='ocrx_word' id='word_1_119' title='bbox 398 1855 501 1910; x_wconf 89' lang='lat' dir='ltr'>dietum</span> <span class='ocrx_word' id='word_1_120' title='bbox 529 1857 610 1924; x_wconf 90' lang='lat' dir='ltr'>puto,</span> <span class='ocrx_word' id='word_1_121' title='bbox 644 1860 676 1910; x_wconf 88' lang='grc'>66</span> <span class='ocrx_word' id='word_1_122' title='bbox 708 1857 817 1912; x_wconf 85' lang='lat' dir='ltr'>flamma</span> <span class='ocrx_word' id='word_1_123' title='bbox 849 1857 879 1911; x_wconf 90' lang='lat' dir='ltr'>in</span> <span class='ocrx_word' id='word_1_124' title='bbox 907 1856 1034 1912; x_wconf 79' lang='lat' dir='ltr'>Troianos</span> <span class='ocrx_word' id='word_1_125' title='bbox 1065 1859 1181 1921; x_wconf 79' lang='grc'><strong>6666166,</strong></span> <span class='ocrx_word' id='word_1_126' title='bbox 1214 1857 1257 1912; x_wconf 86' lang='grc'>661</span> <span class='ocrx_word' id='word_1_127' title='bbox 1285 1856 1346 1926; x_wconf 91' lang='lat' dir='ltr'>quis</span> 
     </span>
     <span class='ocr_line' id='line_1_16' title="bbox 173 1922 1346 2046; baseline 0.002 -70"><span class='ocrx_word' id='word_1_128' title='bbox 173 1923 245 1977; x_wconf 83' lang='lat' dir='ltr'>terro</span> <span class='ocrx_word' id='word_1_129' title='bbox 272 1922 382 2042; x_wconf 57' lang='lat' dir='ltr'>ignique</span> <span class='ocrx_word' id='word_1_130' title='bbox 410 1923 529 2003; x_wconf 77' lang='lat' dir='ltr'>grassmi</span> <span class='ocrx_word' id='word_1_131' title='bbox 559 1922 671 1988; x_wconf 62' lang='lat' dir='ltr'>(licitum</span> <span class='ocrx_word' id='word_1_132' title='bbox 699 1925 752 1978; x_wconf 89' lang='lat' dir='ltr'>nisi</span> <span class='ocrx_word' id='word_1_133' title='bbox 779 1925 850 1979; x_wconf 86' lang='lat' dir='ltr'>nube</span> <span class='ocrx_word' id='word_1_134' title='bbox 877 1924 958 1994; x_wconf 80' lang='lat' dir='ltr'>ignea</span> <span class='ocrx_word' id='word_1_135' title='bbox 986 1924 1154 1980; x_wconf 88' lang='lat' dir='ltr'>circumdata</span> <span class='ocrx_word' id='word_1_136' title='bbox 1179 1925 1207 1978; x_wconf 93' lang='lat' dir='ltr'>in</span> <span class='ocrx_word' id='word_1_137' title='bbox 1220 1940 1346 2046; x_wconf 82' lang='lat' dir='ltr'>pugnam</span> 
     </span>
    </p>
   </div>
   <div class='ocr_carea' id='block_1_5' title="bbox 169 1989 1349 4221">
    <p class='ocr_par' dir='ltr' id='par_1_6' title="bbox 171 1989 1347 2380">
     <span class='ocr_line' id='line_1_17' title="bbox 174 1989 1346 2061; baseline 0.003 -18"><span class='ocrx_word' id='word_1_138' title='bbox 174 1989 280 2059; x_wconf 89' lang='lat' dir='ltr'>prodire</span> <span class='ocrx_word' id='word_1_139' title='bbox 309 2006 341 2044; x_wconf 81' lang='lat' dir='ltr'>ro</span> <span class='ocrx_word' id='word_1_140' title='bbox 354 2007 424 2045; x_wconf 82' lang='lat' dir='ltr'>uisse</span> <span class='ocrx_word' id='word_1_141' title='bbox 447 1991 554 2057; x_wconf 77' lang='lat' dir='ltr'>dixeris,</span> <span class='ocrx_word' id='word_1_142' title='bbox 584 1990 656 2060; x_wconf 90' lang='lat' dir='ltr'>quod</span> <span class='ocrx_word' id='word_1_143' title='bbox 684 2008 719 2045; x_wconf 90' lang='lat' dir='ltr'>an</span> <span class='ocrx_word' id='word_1_144' title='bbox 748 2009 800 2046; x_wconf 86' lang='lat' dir='ltr'>usu</span> <span class='ocrx_word' id='word_1_145' title='bbox 828 1996 970 2061; x_wconf 89' lang='lat' dir='ltr'>poetarum</span> <span class='ocrx_word' id='word_1_146' title='bbox 998 1993 1135 2061; x_wconf 79' lang='lat' dir='ltr'>probetur,</span> <span class='ocrx_word' id='word_1_147' title='bbox 1164 1992 1219 2047; x_wconf 92' lang='lat' dir='ltr'>bau</span> <span class='ocrx_word' id='word_1_148' title='bbox 1255 1992 1346 2047; x_wconf 84' lang='lat' dir='ltr'>nori.“</span> 
     </span>
     <span class='ocr_line' id='line_1_18' title="bbox 173 2057 1347 2127; baseline 0.003 -17"><span class='ocrx_word' id='word_1_149' title='bbox 173 2057 263 2126; x_wconf 66' lang='lat' dir='ltr'>Heme.</span> <span class='ocrx_word' id='word_1_150' title='bbox 306 2057 339 2110; x_wconf 88' lang='lat' dir='ltr'>W</span> <span class='ocrx_word' id='word_1_151' title='bbox 395 2096 402 2111; x_wconf 93' lang='lat'><strong>.</strong></span> <span class='ocrx_word' id='word_1_152' title='bbox 431 2059 534 2127; x_wconf 78' lang='lat' dir='ltr'>cogitat</span> <span class='ocrx_word' id='word_1_153' title='bbox 564 2057 598 2112; x_wconf 89' lang='lat' dir='ltr'>de</span> <span class='ocrx_word' id='word_1_154' title='bbox 624 2057 675 2113; x_wconf 87' lang='lat' dir='ltr'>dea</span> <span class='ocrx_word' id='word_1_155' title='bbox 703 2059 830 2114; x_wconf 86' lang='grc' dir='ltr'><strong>Β6116666</strong></span> <span class='ocrx_word' id='word_1_156' title='bbox 858 2060 946 2115; x_wconf 87' lang='lat' dir='ltr'>instar</span> <span class='ocrx_word' id='word_1_157' title='bbox 975 2061 1030 2127; x_wconf 91' lang='lat' dir='ltr'>(cui</span> <span class='ocrx_word' id='word_1_158' title='bbox 1058 2060 1141 2114; x_wconf 80' lang='lat' dir='ltr'>Silius</span> <span class='ocrx_word' id='word_1_159' title='bbox 1170 2060 1203 2125; x_wconf 92' lang='lat' dir='ltr'>V,</span> <span class='ocrx_word' id='word_1_160' title='bbox 1232 2063 1289 2114; x_wconf 90' lang='grc'><strong>221.</strong></span> <span class='ocrx_word' id='word_1_161' title='bbox 1319 2063 1347 2114; x_wconf 92' lang='grc'>66</span> 
     </span>
     <span class='ocr_line' id='line_1_19' title="bbox 173 2124 1344 2208; baseline 0.002 -29"><span class='ocrx_word' id='word_1_162' title='bbox 173 2124 244 2179; x_wconf 81' lang='lat' dir='ltr'>Stat.</span> <span class='ocrx_word' id='word_1_163' title='bbox 263 2124 345 2181; x_wconf 80' lang='lat' dir='ltr'>Theb.</span> <span class='ocrx_word' id='word_1_164' title='bbox 379 2124 412 2187; x_wconf 97' lang='lat' dir='ltr'>V,</span> <span class='ocrx_word' id='word_1_165' title='bbox 431 2130 455 2179; x_wconf 89' lang='grc'>5.</span> <span class='ocrx_word' id='word_1_166' title='bbox 483 2124 569 2180; x_wconf 85' lang='lat' dir='ltr'>facem</span> <span class='ocrx_word' id='word_1_167' title='bbox 601 2126 735 2194; x_wconf 85' lang='lat' dir='ltr'>tribuant)</span> <span class='ocrx_word' id='word_1_168' title='bbox 764 2129 878 2208; x_wconf 81' lang='lat' dir='ltr'>utraque</span> <span class='ocrx_word' id='word_1_169' title='bbox 908 2143 991 2183; x_wconf 88' lang='lat' dir='ltr'>manu</span> <span class='ocrx_word' id='word_1_170' title='bbox 1018 2127 1123 2183; x_wconf 84' lang='lat' dir='ltr'>lacibus</span> <span class='ocrx_word' id='word_1_171' title='bbox 1152 2129 1258 2182; x_wconf 88' lang='lat' dir='ltr'>armata</span> <span class='ocrx_word' id='word_1_172' title='bbox 1280 2126 1344 2196; x_wconf 79' lang='lat' dir='ltr'>(vid.</span> 
     </span>
     <span class='ocr_line' id='line_1_20' title="bbox 173 2190 1346 2266; baseline 0.003 -21"><span class='ocrx_word' id='word_1_173' title='bbox 173 2192 208 2246; x_wconf 88' lang='lat' dir='ltr'>ad</span> <span class='ocrx_word' id='word_1_174' title='bbox 225 2190 260 2260; x_wconf 87' lang='lat' dir='ltr'>X,</span> <span class='ocrx_word' id='word_1_175' title='bbox 281 2194 362 2258; x_wconf 83' lang='grc'><strong>181.);</strong></span> <span class='ocrx_word' id='word_1_176' title='bbox 394 2209 557 2263; x_wconf 86' lang='lat' dir='ltr'>quamquam</span> <span class='ocrx_word' id='word_1_177' title='bbox 579 2194 662 2247; x_wconf 90' lang='lat' dir='ltr'>etiam</span> <span class='ocrx_word' id='word_1_178' title='bbox 679 2194 746 2249; x_wconf 83' lang='lat' dir='ltr'>bace</span> <span class='ocrx_word' id='word_1_179' title='bbox 763 2194 871 2249; x_wconf 81' lang='lat' dir='ltr'>adiicit:</span> <span class='ocrx_word' id='word_1_180' title='bbox 901 2194 980 2258; x_wconf 89' lang='lat' dir='ltr'>„Nisi</span> <span class='ocrx_word' id='word_1_181' title='bbox 995 2195 1066 2250; x_wconf 83' lang='lat' dir='ltr'>forte</span> <span class='ocrx_word' id='word_1_182' title='bbox 1083 2195 1135 2266; x_wconf 90' lang='lat' dir='ltr'>ipsi</span> <span class='ocrx_word' id='word_1_183' title='bbox 1155 2194 1194 2248; x_wconf 90' lang='lat' dir='ltr'>dii</span> <span class='ocrx_word' id='word_1_184' title='bbox 1210 2197 1268 2249; x_wconf 89' lang='lat' dir='ltr'>toto</span> <span class='ocrx_word' id='word_1_185' title='bbox 1288 2211 1346 2249; x_wconf 90' lang='lat' dir='ltr'>cor-</span> 
     </span>
     <span class='ocr_line' id='line_1_21' title="bbox 171 2258 1346 2380; baseline 0.006 -68"><span class='ocrx_word' id='word_1_186' title='bbox 171 2275 235 2380; x_wconf 52' lang='lat'>32¹⁰</span> <span class='ocrx_word' id='word_1_187' title='bbox 264 2258 358 2314; x_wconf 88' lang='grc'><strong>666666</strong></span> <span class='ocrx_word' id='word_1_188' title='bbox 387 2261 524 2316; x_wconf 81' lang='lat' dir='ltr'>veteribus</span> <span class='ocrx_word' id='word_1_189' title='bbox 547 2261 684 2316; x_wconf 88' lang='lat' dir='ltr'>interdum</span> <span class='ocrx_word' id='word_1_190' title='bbox 701 2262 845 2325; x_wconf 80' lang='lat' dir='ltr'>visisunt,</span> <span class='ocrx_word' id='word_1_191' title='bbox 876 2263 946 2333; x_wconf 91' lang='lat' dir='ltr'>quod</span> <span class='ocrx_word' id='word_1_192' title='bbox 964 2262 1077 2332; x_wconf 83' lang='lat' dir='ltr'>colligas</span> <span class='ocrx_word' id='word_1_193' title='bbox 1096 2280 1110 2318; x_wconf 89' lang='lat' dir='ltr'>e</span> <span class='ocrx_word' id='word_1_194' title='bbox 1127 2262 1192 2318; x_wconf 82' lang='lat' dir='ltr'>Silio</span> <span class='ocrx_word' id='word_1_195' title='bbox 1207 2261 1269 2326; x_wconf 85' lang='lat' dir='ltr'>XII,</span> <span class='ocrx_word' id='word_1_196' title='bbox 1288 2266 1346 2319; x_wconf 81' lang='grc'><strong>127.</strong></span> 
     </span>
    </p>

    <p class='ocr_par' dir='ltr' id='par_1_7' title="bbox 169 2327 1349 4221">
     <span class='ocr_line' id='line_1_22' title="bbox 207 2327 1345 2408; baseline 0.003 -27"><span class='ocrx_word' id='word_1_197' title='bbox 207 2327 325 2381; x_wconf 68' lang='lat' dir='ltr'>ironeam</span> <span class='ocrx_word' id='word_1_198' title='bbox 340 2345 469 2408; x_wconf 71' lang='lat' dir='ltr'>asperam</span> <span class='ocrx_word' id='word_1_199' title='bbox 486 2327 576 2382; x_wconf 75' lang='grc'><strong>661666</strong></span> <span class='ocrx_word' id='word_1_200' title='bbox 592 2337 619 2382; x_wconf 86' lang='lat' dir='ltr'>et</span> <span class='ocrx_word' id='word_1_201' title='bbox 632 2330 763 2398; x_wconf 78' lang='lat' dir='ltr'>flmmnea</span> <span class='ocrx_word' id='word_1_202' title='bbox 778 2330 938 2399; x_wconf 84' lang='lat' dir='ltr'>membra,·“</span> <span class='ocrx_word' id='word_1_203' title='bbox 969 2332 1051 2400; x_wconf 87' lang='lat' dir='ltr'>atque</span> <span class='ocrx_word' id='word_1_204' title='bbox 1075 2331 1159 2385; x_wconf 89' lang='lat' dir='ltr'>etiam</span> <span class='ocrx_word' id='word_1_205' title='bbox 1175 2328 1281 2384; x_wconf 84' lang='lat' dir='ltr'>Ladew.</span> <span class='ocrx_word' id='word_1_206' title='bbox 1302 2346 1345 2384; x_wconf 84' lang='lat' dir='ltr'>ex-</span> 
     </span>
     <span class='ocr_line' id='line_1_23' title="bbox 172 2393 1346 2476; baseline 0.003 -29"><span class='ocrx_word' id='word_1_207' title='bbox 172 2393 270 2463; x_wconf 86' lang='lat' dir='ltr'>plicat:</span> <span class='ocrx_word' id='word_1_208' title='bbox 287 2395 338 2463; x_wconf 79' lang='lat' dir='ltr'>„im</span> <span class='ocrx_word' id='word_1_209' title='bbox 354 2412 414 2450; x_wconf 83' lang='lat' dir='ltr'>eme</span> <span class='ocrx_word' id='word_1_210' title='bbox 429 2395 608 2450; x_wconf 75' lang='lat' dir='ltr'>Ferremnallee</span> <span class='ocrx_word' id='word_1_211' title='bbox 624 2397 798 2476; x_wconf 71' lang='lat' dir='ltr'>empettllt,“</span> <span class='ocrx_word' id='word_1_212' title='bbox 820 2413 905 2466; x_wconf 89' lang='lat' dir='ltr'>neque</span> <span class='ocrx_word' id='word_1_213' title='bbox 922 2396 1003 2452; x_wconf 84' lang='lat' dir='ltr'>aliter</span> <span class='ocrx_word' id='word_1_214' title='bbox 1022 2397 1143 2452; x_wconf 88' lang='lat' dir='ltr'>Bennist.</span> <span class='ocrx_word' id='word_1_215' title='bbox 1162 2401 1191 2451; x_wconf 90' lang='lat' dir='ltr'>et</span> <span class='ocrx_word' id='word_1_216' title='bbox 1209 2397 1346 2466; x_wconf 78' lang='lat' dir='ltr'>Coningt,</span> 
     </span>
     <span class='ocr_line' id='line_1_24' title="bbox 171 2462 1345 2582; baseline 0.003 -67"><span class='ocrx_word' id='word_1_217' title='bbox 171 2462 218 2582; x_wconf 51' lang='lat' dir='ltr'>api</span> <span class='ocrx_word' id='word_1_218' title='bbox 235 2462 298 2516; x_wconf 92' lang='lat' dir='ltr'>coll.</span> <span class='ocrx_word' id='word_1_219' title='bbox 317 2462 354 2527; x_wconf 94' lang='lat' dir='ltr'>II,</span> <span class='ocrx_word' id='word_1_220' title='bbox 374 2467 432 2518; x_wconf 92' lang='grc'><strong>616.</strong></span> <span class='ocrx_word' id='word_1_221' title='bbox 452 2463 486 2517; x_wconf 92' lang='grc'>66</span> <span class='ocrx_word' id='word_1_222' title='bbox 503 2464 594 2518; x_wconf 88' lang='lat' dir='ltr'>nimbo</span> <span class='ocrx_word' id='word_1_223' title='bbox 612 2467 726 2533; x_wconf 78' lang='lat' dir='ltr'>cogitat.</span> <span class='ocrx_word' id='word_1_224' title='bbox 753 2464 836 2519; x_wconf 84' lang='lat' dir='ltr'>TbieI</span> <span class='ocrx_word' id='word_1_225' title='bbox 855 2466 948 2518; x_wconf 89' lang='lat' dir='ltr'>autern</span> <span class='ocrx_word' id='word_1_226' title='bbox 961 2465 1091 2533; x_wconf 83' lang='lat' dir='ltr'>stammas</span> <span class='ocrx_word' id='word_1_227' title='bbox 1108 2463 1143 2518; x_wconf 88' lang='grc'>66</span> <span class='ocrx_word' id='word_1_228' title='bbox 1160 2479 1237 2518; x_wconf 89' lang='lat' dir='ltr'>arma</span> <span class='ocrx_word' id='word_1_229' title='bbox 1255 2465 1345 2532; x_wconf 87' lang='lat' dir='ltr'>splen-</span> 
     </span>
     <span class='ocr_line' id='line_1_25' title="bbox 193 2528 1346 2600; baseline 0.002 -16"><span class='ocrx_word' id='word_1_230' title='bbox 193 2528 238 2584; x_wconf 88' lang='lat' dir='ltr'>&#39;da</span> <span class='ocrx_word' id='word_1_231' title='bbox 254 2529 356 2585; x_wconf 86' lang='grc'><strong>6616666</strong></span> <span class='ocrx_word' id='word_1_232' title='bbox 373 2530 489 2586; x_wconf 85' lang='lat' dir='ltr'>videtur.</span> <span class='ocrx_word' id='word_1_233' title='bbox 524 2530 664 2600; x_wconf 79' lang='lat' dir='ltr'>Equidem,</span> <span class='ocrx_word' id='word_1_234' title='bbox 689 2548 751 2586; x_wconf 88' lang='lat' dir='ltr'>cum</span> <span class='ocrx_word' id='word_1_235' title='bbox 768 2531 871 2600; x_wconf 86' lang='lat' dir='ltr'>proelia</span> <span class='ocrx_word' id='word_1_236' title='bbox 888 2535 917 2586; x_wconf 91' lang='lat' dir='ltr'>et</span> <span class='ocrx_word' id='word_1_237' title='bbox 934 2531 1058 2586; x_wconf 90' lang='lat' dir='ltr'>incendia</span> <span class='ocrx_word' id='word_1_238' title='bbox 1075 2532 1197 2586; x_wconf 88' lang='lat' dir='ltr'>notiones</span> <span class='ocrx_word' id='word_1_239' title='bbox 1215 2531 1271 2585; x_wconf 88' lang='lat' dir='ltr'>sint</span> <span class='ocrx_word' id='word_1_240' title='bbox 1287 2547 1346 2586; x_wconf 89' lang='lat' dir='ltr'>ma·</span> 
     </span>
     <span class='ocr_line' id='line_1_26' title="bbox 170 2596 1347 2669; baseline 0.002 -18"><span class='ocrx_word' id='word_1_241' title='bbox 170 2596 240 2651; x_wconf 86' lang='lat' dir='ltr'>xime</span> <span class='ocrx_word' id='word_1_242' title='bbox 257 2601 397 2666; x_wconf 74' lang='lat' dir='ltr'>cognatae,</span> <span class='ocrx_word' id='word_1_243' title='bbox 493 2617 552 2652; x_wconf 82' lang='lat' dir='ltr'>mar</span> <span class='ocrx_word' id='word_1_244' title='bbox 578 2599 611 2653; x_wconf 89' lang='lat' dir='ltr'>de</span> <span class='ocrx_word' id='word_1_245' title='bbox 628 2598 722 2653; x_wconf 87' lang='lat' dir='ltr'>ardore</span> <span class='ocrx_word' id='word_1_246' title='bbox 739 2615 846 2669; x_wconf 79' lang='lat' dir='ltr'>pugnae</span> <span class='ocrx_word' id='word_1_247' title='bbox 862 2597 1054 2668; x_wconf 81' lang='lat' dir='ltr'>intelligendas</span> <span class='ocrx_word' id='word_1_248' title='bbox 1092 2601 1148 2663; x_wconf 89' lang='lat' dir='ltr'>uto,</span> <span class='ocrx_word' id='word_1_249' title='bbox 1178 2599 1210 2653; x_wconf 93' lang='lat' dir='ltr'>ut</span> <span class='ocrx_word' id='word_1_250' title='bbox 1223 2598 1347 2667; x_wconf 67' lang='lat' dir='ltr'>flammei</span> 
     </span>
     <span class='ocr_line' id='line_1_27' title="bbox 171 2665 1347 2736; baseline 0.003 -18"><span class='ocrx_word' id='word_1_251' title='bbox 171 2665 261 2719; x_wconf 81' lang='lat' dir='ltr'>ainata</span> <span class='ocrx_word' id='word_1_252' title='bbox 289 2666 339 2719; x_wconf 88' lang='lat' dir='ltr'>sit:</span> <span class='ocrx_word' id='word_1_253' title='bbox 366 2682 392 2719; x_wconf 93' lang='lat' dir='ltr'>m</span> <span class='ocrx_word' id='word_1_254' title='bbox 430 2667 453 2720; x_wconf 91' lang='lat' dir='ltr'>&#39;o</span> <span class='ocrx_word' id='word_1_255' title='bbox 470 2666 498 2720; x_wconf 90' lang='lat' dir='ltr'>in</span> <span class='ocrx_word' id='word_1_256' title='bbox 516 2665 613 2736; x_wconf 88' lang='lat' dir='ltr'>proelii</span> <span class='ocrx_word' id='word_1_257' title='bbox 631 2683 771 2731; x_wconf 79' lang='lat' dir='ltr'>concursu,</span> <span class='ocrx_word' id='word_1_258' title='bbox 801 2683 835 2736; x_wconf 93' lang='lat' dir='ltr'>op</span> <span class='ocrx_word' id='word_1_259' title='bbox 855 2666 956 2721; x_wconf 89' lang='lat' dir='ltr'>ositum</span> <span class='ocrx_word' id='word_1_260' title='bbox 974 2683 1010 2722; x_wconf 89' lang='lat' dir='ltr'>an</span> <span class='ocrx_word' id='word_1_261' title='bbox 1088 2667 1145 2721; x_wconf 89' lang='lat' dir='ltr'>euti</span> <span class='ocrx_word' id='word_1_262' title='bbox 1161 2668 1250 2722; x_wconf 76' lang='grc'><strong>661666</strong></span> <span class='ocrx_word' id='word_1_263' title='bbox 1266 2666 1347 2721; x_wconf 64' lang='lat' dir='ltr'>aina</span> 
     </span>
     <span class='ocr_line' id='line_1_28' title="bbox 170 2732 1347 2812; baseline 0.002 -26"><span class='ocrx_word' id='word_1_264' title='bbox 170 2735 251 2801; x_wconf 66' lang='lat' dir='ltr'>eodm</span> <span class='ocrx_word' id='word_1_265' title='bbox 278 2732 505 2812; x_wconf 86' lang='lat' dir='ltr'>quemadmodum</span> <span class='ocrx_word' id='word_1_266' title='bbox 531 2750 556 2788; x_wconf 86' lang='lat' dir='ltr'>r.</span> <span class='ocrx_word' id='word_1_267' title='bbox 575 2749 599 2787; x_wconf 91' lang='grc'>6.</span> <span class='ocrx_word' id='word_1_268' title='bbox 618 2734 673 2787; x_wconf 81' lang='lat' dir='ltr'>Cic.</span> <span class='ocrx_word' id='word_1_269' title='bbox 691 2734 726 2788; x_wconf 89' lang='grc'>66</span> <span class='ocrx_word' id='word_1_270' title='bbox 743 2735 819 2789; x_wconf 77' lang='lat' dir='ltr'>Fam.</span> <span class='ocrx_word' id='word_1_271' title='bbox 865 2734 1077 2802; x_wconf 56' lang='grc'><strong>0111416666,</strong></span> <span class='ocrx_word' id='word_1_272' title='bbox 1105 2741 1144 2802; x_wconf 77' lang='lat' dir='ltr'>ut,</span> <span class='ocrx_word' id='word_1_273' title='bbox 1173 2736 1240 2789; x_wconf 81' lang='lat' dir='ltr'>dum</span> <span class='ocrx_word' id='word_1_274' title='bbox 1256 2734 1347 2788; x_wconf 81' lang='lat' dir='ltr'>mimus</span> 
     </span>
     <span class='ocr_line' id='line_1_29' title="bbox 169 2801 1346 2873; baseline 0 -18"><span class='ocrx_word' id='word_1_275' title='bbox 169 2801 289 2871; x_wconf 71' lang='lat' dir='ltr'>periculi</span> <span class='ocrx_word' id='word_1_276' title='bbox 300 2801 448 2865; x_wconf 70' lang='lat' dir='ltr'>sideream,</span> <span class='ocrx_word' id='word_1_277' title='bbox 461 2803 587 2866; x_wconf 78' lang='grc'><strong>66666666,</strong></span> <span class='ocrx_word' id='word_1_278' title='bbox 603 2802 634 2854; x_wconf 81' lang='lat' dir='ltr'>in</span> <span class='ocrx_word' id='word_1_279' title='bbox 639 2803 784 2871; x_wconf 74' lang='lat' dir='ltr'>flammam</span> <span class='ocrx_word' id='word_1_280' title='bbox 793 2804 884 2873; x_wconf 76' lang='lat' dir='ltr'>ipsam</span> <span class='ocrx_word' id='word_1_281' title='bbox 901 2803 948 2871; x_wconf 91' lang='lat' dir='ltr'>(sc.</span> <span class='ocrx_word' id='word_1_282' title='bbox 967 2802 1042 2868; x_wconf 84' lang='lat' dir='ltr'>belli)</span> <span class='ocrx_word' id='word_1_283' title='bbox 1054 2803 1172 2857; x_wconf 79' lang='lat' dir='ltr'>venirem</span> <span class='ocrx_word' id='word_1_284' title='bbox 1184 2803 1249 2855; x_wconf 89' lang='lat' dir='ltr'>cett.</span> <span class='ocrx_word' id='word_1_285' title='bbox 1273 2801 1346 2870; x_wconf 83' lang='lat' dir='ltr'>Quae</span> 
     </span>
     <span class='ocr_line' id='line_1_30' title="bbox 170 2868 1347 3007; baseline 0.003 -18"><span class='ocrx_word' id='word_1_286' title='bbox 170 2868 366 3005; x_wconf 58' lang='grc' dir='ltr'><strong>61166ῗὲ</strong></span> <span class='ocrx_word' id='word_1_287' title='bbox 375 2869 1260 3007; x_wconf 52' lang='grc' dir='ltr'><strong>61116610ζὲ666616660.ᾚῖ1661Ὓοῖ66</strong></span> <span class='ocrx_word' id='word_1_288' title='bbox 1269 2887 1347 3007; x_wconf 69' lang='lat' dir='ltr'>tt</span> 
     </span>
     <span class='ocr_line' id='line_1_31' title="bbox 171 3002 1345 3074; baseline 0.001 -17"><span class='ocrx_word' id='word_1_289' title='bbox 171 3002 305 3058; x_wconf 72' lang='lat' dir='ltr'>Sturam</span> <span class='ocrx_word' id='word_1_290' title='bbox 321 3005 399 3059; x_wconf 79' lang='lat' dir='ltr'>acie</span> <span class='ocrx_word' id='word_1_291' title='bbox 414 3005 496 3059; x_wconf 86' lang='lat' dir='ltr'>lectio</span> <span class='ocrx_word' id='word_1_292' title='bbox 513 3008 556 3060; x_wconf 89' lang='lat' dir='ltr'>est</span> <span class='ocrx_word' id='word_1_293' title='bbox 573 3006 749 3074; x_wconf 86' lang='lat' dir='ltr'>plurimorum</span> <span class='ocrx_word' id='word_1_294' title='bbox 766 3005 860 3070; x_wconf 77' lang='grc'><strong>0666,</strong></span> <span class='ocrx_word' id='word_1_295' title='bbox 891 3021 973 3074; x_wconf 86' lang='lat' dir='ltr'>quarn</span> <span class='ocrx_word' id='word_1_296' title='bbox 998 3005 1095 3060; x_wconf 89' lang='lat' dir='ltr'>lahnio</span> <span class='ocrx_word' id='word_1_297' title='bbox 1112 3021 1229 3072; x_wconf 87' lang='lat' dir='ltr'>suasore,</span> <span class='ocrx_word' id='word_1_298' title='bbox 1247 3004 1345 3074; x_wconf 77' lang='lat' dir='ltr'>ann.</span> 
     </span>
     <span class='ocr_line' id='line_1_32' title="bbox 171 3047 1346 3149; baseline 0.003 -26"><span class='ocrx_word' id='word_1_299' title='bbox 171 3069 228 3149; x_wconf 77' lang='lat' dir='ltr'>inre</span> <span class='ocrx_word' id='word_1_300' title='bbox 245 3072 374 3126; x_wconf 88' lang='lat' dir='ltr'>restituit.</span> <span class='ocrx_word' id='word_1_301' title='bbox 409 3072 434 3125; x_wconf 88' lang='lat' dir='ltr'>V</span> <span class='ocrx_word' id='word_1_302' title='bbox 515 3075 566 3127; x_wconf 80' lang='grc'>666</span> <span class='ocrx_word' id='word_1_303' title='bbox 582 3073 673 3142; x_wconf 79' lang='lat' dir='ltr'>ipsam</span> <span class='ocrx_word' id='word_1_304' title='bbox 690 3073 731 3128; x_wconf 79' lang='lat' dir='ltr'>St.</span> <span class='ocrx_word' id='word_1_305' title='bbox 749 3075 844 3136; x_wconf 70' lang='lat' dir='ltr'>adem,</span> <span class='ocrx_word' id='word_1_306' title='bbox 863 3072 935 3142; x_wconf 91' lang='lat' dir='ltr'>quod</span> <span class='ocrx_word' id='word_1_307' title='bbox 953 3047 1047 3127; x_wconf 74' lang='lat' dir='ltr'>lisina.</span> <span class='ocrx_word' id='word_1_308' title='bbox 1064 3074 1165 3142; x_wconf 91' lang='lat' dir='ltr'>recepit</span> <span class='ocrx_word' id='word_1_309' title='bbox 1181 3089 1213 3127; x_wconf 87' lang='grc'>66</span> <span class='ocrx_word' id='word_1_310' title='bbox 1229 3071 1301 3126; x_wconf 86' lang='grc'><strong>1166.</strong></span> <span class='ocrx_word' id='word_1_311' title='bbox 1318 3070 1346 3127; x_wconf 87' lang='grc'>66</span> 
     </span>
     <span class='ocr_line' id='line_1_33' title="bbox 170 3136 1346 3211; baseline 0.002 -19"><span class='ocrx_word' id='word_1_312' title='bbox 170 3136 246 3202; x_wconf 85' lang='lat' dir='ltr'>ahis;</span> <span class='ocrx_word' id='word_1_313' title='bbox 276 3139 323 3193; x_wconf 90' lang='lat' dir='ltr'>sed</span> <span class='ocrx_word' id='word_1_314' title='bbox 341 3154 401 3194; x_wconf 87' lang='lat' dir='ltr'>euru</span> <span class='ocrx_word' id='word_1_315' title='bbox 419 3140 447 3193; x_wconf 90' lang='lat' dir='ltr'>in</span> <span class='ocrx_word' id='word_1_316' title='bbox 497 3140 538 3194; x_wconf 92' lang='grc'>66.</span> <span class='ocrx_word' id='word_1_317' title='bbox 564 3141 695 3208; x_wconf 88' lang='lat' dir='ltr'>scriptum</span> <span class='ocrx_word' id='word_1_318' title='bbox 713 3140 817 3195; x_wconf 79' lang='grc'><strong>616666</strong></span> <span class='ocrx_word' id='word_1_319' title='bbox 834 3141 925 3211; x_wconf 74' lang='lat' dir='ltr'>ipsam</span> <span class='ocrx_word' id='word_1_320' title='bbox 944 3141 1044 3194; x_wconf 80' lang='lat' dir='ltr'>Stare</span> <span class='ocrx_word' id='word_1_321' title='bbox 1059 3141 1155 3204; x_wconf 81' lang='lat' dir='ltr'>aciem,</span> <span class='ocrx_word' id='word_1_322' title='bbox 1173 3155 1226 3194; x_wconf 88' lang='lat' dir='ltr'>non</span> <span class='ocrx_word' id='word_1_323' title='bbox 1244 3143 1346 3194; x_wconf 89' lang='lat' dir='ltr'>temere</span> 
     </span>
     <span class='ocr_line' id='line_1_34' title="bbox 170 3205 1347 3278; baseline 0.002 -19"><span class='ocrx_word' id='word_1_324' title='bbox 170 3205 266 3275; x_wconf 81' lang='lat' dir='ltr'>Wagn.</span> <span class='ocrx_word' id='word_1_325' title='bbox 287 3206 449 3275; x_wconf 83' lang='lat' dir='ltr'>suspicatur,</span> <span class='ocrx_word' id='word_1_326' title='bbox 467 3208 575 3263; x_wconf 87' lang='lat' dir='ltr'>literam</span> <span class='ocrx_word' id='word_1_327' title='bbox 594 3226 630 3276; x_wconf 92' lang='lat' dir='ltr'>m,</span> <span class='ocrx_word' id='word_1_328' title='bbox 647 3224 715 3278; x_wconf 89' lang='lat' dir='ltr'>quae</span> <span class='ocrx_word' id='word_1_329' title='bbox 732 3209 813 3262; x_wconf 86' lang='lat' dir='ltr'>verbo</span> <span class='ocrx_word' id='word_1_330' title='bbox 831 3208 1003 3277; x_wconf 81' lang='lat' dir='ltr'>adiungenda</span> <span class='ocrx_word' id='word_1_331' title='bbox 1021 3210 1089 3274; x_wconf 88' lang='lat' dir='ltr'>erat,</span> <span class='ocrx_word' id='word_1_332' title='bbox 1108 3208 1144 3262; x_wconf 88' lang='lat' dir='ltr'>ab</span> <span class='ocrx_word' id='word_1_333' title='bbox 1162 3208 1294 3261; x_wconf 84' lang='lat' dir='ltr'>oscitante</span> <span class='ocrx_word' id='word_1_334' title='bbox 1312 3207 1347 3261; x_wconf 89' lang='lat' dir='ltr'>li·</span> 
     </span>
     <span class='ocr_line' id='line_1_35' title="bbox 170 3272 1346 3346; baseline 0.003 -21"><span class='ocrx_word' id='word_1_335' title='bbox 170 3272 259 3327; x_wconf 86' lang='lat' dir='ltr'>brario</span> <span class='ocrx_word' id='word_1_336' title='bbox 287 3290 322 3343; x_wconf 90' lang='grc'>66</span> <span class='ocrx_word' id='word_1_337' title='bbox 357 3291 430 3330; x_wconf 89' lang='lat' dir='ltr'>eram</span> <span class='ocrx_word' id='word_1_338' title='bbox 461 3275 612 3330; x_wconf 88' lang='lat' dir='ltr'>nominibus</span> <span class='ocrx_word' id='word_1_339' title='bbox 641 3291 700 3329; x_wconf 89' lang='lat' dir='ltr'>esse</span> <span class='ocrx_word' id='word_1_340' title='bbox 728 3275 875 3330; x_wconf 86' lang='lat' dir='ltr'>adiectam:</span> <span class='ocrx_word' id='word_1_341' title='bbox 905 3276 1066 3346; x_wconf 89' lang='lat' dir='ltr'>omninoque</span> <span class='ocrx_word' id='word_1_342' title='bbox 1084 3290 1180 3329; x_wconf 89' lang='lat' dir='ltr'>sonum</span> <span class='ocrx_word' id='word_1_343' title='bbox 1196 3274 1346 3329; x_wconf 85' lang='lat' dir='ltr'>vicinorum</span> 
     </span>
     <span class='ocr_line' id='line_1_36' title="bbox 170 3292 1345 3413; baseline 0.002 -19"><span class='ocrx_word' id='word_1_344' title='bbox 170 3341 312 3396; x_wconf 83' lang='lat' dir='ltr'>verborum</span> <span class='ocrx_word' id='word_1_345' title='bbox 323 3292 448 3408; x_wconf 53' lang='grc' dir='ltr'>Γ,8666666</span> <span class='ocrx_word' id='word_1_346' title='bbox 477 3344 613 3397; x_wconf 75' lang='lat' dir='ltr'>traherem</span> <span class='ocrx_word' id='word_1_347' title='bbox 641 3359 747 3398; x_wconf 88' lang='lat' dir='ltr'>carrum</span> <span class='ocrx_word' id='word_1_348' title='bbox 767 3343 844 3398; x_wconf 86' lang='grc'><strong>66616</strong></span> <span class='ocrx_word' id='word_1_349' title='bbox 873 3342 1001 3413; x_wconf 82' lang='lat' dir='ltr'>proximis</span> <span class='ocrx_word' id='word_1_350' title='bbox 1030 3358 1101 3397; x_wconf 84' lang='lat' dir='ltr'>vocc.</span> <span class='ocrx_word' id='word_1_351' title='bbox 1122 3343 1211 3396; x_wconf 89' lang='lat' dir='ltr'>locum</span> <span class='ocrx_word' id='word_1_352' title='bbox 1230 3341 1345 3397; x_wconf 90' lang='lat' dir='ltr'>dedisse.</span> 
     </span>
     <span class='ocr_line' id='line_1_37' title="bbox 171 3408 1346 3478; baseline 0.002 -16"><span class='ocrx_word' id='word_1_353' title='bbox 171 3409 207 3462; x_wconf 81' lang='lat' dir='ltr'>at</span> <span class='ocrx_word' id='word_1_354' title='bbox 224 3408 307 3463; x_wconf 77' lang='lat' dir='ltr'>Stare</span> <span class='ocrx_word' id='word_1_355' title='bbox 324 3412 375 3465; x_wconf 77' lang='grc'>666</span> <span class='ocrx_word' id='word_1_356' title='bbox 393 3412 480 3465; x_wconf 79' lang='lat' dir='ltr'>aciem</span> <span class='ocrx_word' id='word_1_357' title='bbox 497 3412 586 3465; x_wconf 90' lang='lat' dir='ltr'>nescio</span> <span class='ocrx_word' id='word_1_358' title='bbox 612 3426 647 3465; x_wconf 90' lang='lat' dir='ltr'>an</span> <span class='ocrx_word' id='word_1_359' title='bbox 664 3410 736 3466; x_wconf 90' lang='lat' dir='ltr'>idem</span> <span class='ocrx_word' id='word_1_360' title='bbox 779 3412 804 3466; x_wconf 91' lang='lat' dir='ltr'>ir</span> <span class='ocrx_word' id='word_1_361' title='bbox 821 3410 893 3466; x_wconf 88' lang='lat' dir='ltr'>doct.</span> <span class='ocrx_word' id='word_1_362' title='bbox 911 3412 968 3465; x_wconf 90' lang='lat' dir='ltr'>iure</span> <span class='ocrx_word' id='word_1_363' title='bbox 986 3409 1119 3465; x_wconf 87' lang='lat' dir='ltr'>soloecum</span> <span class='ocrx_word' id='word_1_364' title='bbox 1138 3412 1255 3478; x_wconf 87' lang='lat' dir='ltr'>censeat,</span> <span class='ocrx_word' id='word_1_365' title='bbox 1284 3426 1346 3464; x_wconf 92' lang='lat' dir='ltr'>cum</span> 
     </span>
     <span class='ocr_line' id='line_1_38' title="bbox 169 3475 1345 3548; baseline 0.002 -19"><span class='ocrx_word' id='word_1_366' title='bbox 169 3475 307 3546; x_wconf 78' lang='lat' dir='ltr'>Vergilius</span> <span class='ocrx_word' id='word_1_367' title='bbox 324 3478 523 3546; x_wconf 82' lang='lat' dir='ltr'>Praepositioni</span> <span class='ocrx_word' id='word_1_368' title='bbox 540 3480 590 3532; x_wconf 78' lang='grc'>666</span> <span class='ocrx_word' id='word_1_369' title='bbox 613 3481 741 3548; x_wconf 84' lang='lat' dir='ltr'>quartum</span> <span class='ocrx_word' id='word_1_370' title='bbox 760 3478 859 3533; x_wconf 79' lang='lat' dir='ltr'>Casum</span> <span class='ocrx_word' id='word_1_371' title='bbox 877 3482 938 3534; x_wconf 92' lang='lat' dir='ltr'>tum</span> <span class='ocrx_word' id='word_1_372' title='bbox 955 3481 1066 3533; x_wconf 83' lang='lat' dir='ltr'>tanturn</span> <span class='ocrx_word' id='word_1_373' title='bbox 1084 3477 1231 3547; x_wconf 83' lang='lat' dir='ltr'>adiungere</span> <span class='ocrx_word' id='word_1_374' title='bbox 1249 3477 1345 3546; x_wconf 87' lang='lat' dir='ltr'>soleat,</span> 
     </span>
     <span class='ocr_line' id='line_1_39' title="bbox 169 3543 1346 3616; baseline 0.003 -20"><span class='ocrx_word' id='word_1_375' title='bbox 169 3543 218 3597; x_wconf 90' lang='lat' dir='ltr'>nbi</span> <span class='ocrx_word' id='word_1_376' title='bbox 235 3548 326 3598; x_wconf 89' lang='lat' dir='ltr'>motus</span> <span class='ocrx_word' id='word_1_377' title='bbox 343 3545 441 3616; x_wconf 87' lang='lat' dir='ltr'>aliquis</span> <span class='ocrx_word' id='word_1_378' title='bbox 458 3545 627 3615; x_wconf 80' lang='lat' dir='ltr'>significetur</span> <span class='ocrx_word' id='word_1_379' title='bbox 643 3548 687 3613; x_wconf 87' lang='lat' dir='ltr'>(ut</span> <span class='ocrx_word' id='word_1_380' title='bbox 705 3547 741 3615; x_wconf 84' lang='grc'>11,</span> <span class='ocrx_word' id='word_1_381' title='bbox 758 3550 817 3602; x_wconf 87' lang='grc'><strong>442.</strong></span> <span class='ocrx_word' id='word_1_382' title='bbox 834 3551 894 3602; x_wconf 87' lang='grc'><strong>460.</strong></span> <span class='ocrx_word' id='word_1_383' title='bbox 923 3545 970 3612; x_wconf 93' lang='lat' dir='ltr'>IV,</span> <span class='ocrx_word' id='word_1_384' title='bbox 990 3550 1048 3601; x_wconf 86' lang='grc'><strong>484.</strong></span> <span class='ocrx_word' id='word_1_385' title='bbox 1080 3545 1112 3610; x_wconf 89' lang='lat' dir='ltr'>V,</span> <span class='ocrx_word' id='word_1_386' title='bbox 1132 3548 1189 3601; x_wconf 84' lang='grc'><strong>853,</strong></span> <span class='ocrx_word' id='word_1_387' title='bbox 1208 3546 1285 3611; x_wconf 84' lang='lat' dir='ltr'>VIII,</span> <span class='ocrx_word' id='word_1_388' title='bbox 1305 3549 1346 3601; x_wconf 92' lang='grc'>24.</span> 
     </span>
     <span class='ocr_line' id='line_1_40' title="bbox 170 3612 1347 3685; baseline 0.002 -20"><span class='ocrx_word' id='word_1_389' title='bbox 170 3614 228 3666; x_wconf 83' lang='grc'><strong>538.</strong></span> <span class='ocrx_word' id='word_1_390' title='bbox 258 3612 307 3677; x_wconf 89' lang='lat' dir='ltr'>IX,</span> <span class='ocrx_word' id='word_1_391' title='bbox 325 3616 382 3668; x_wconf 85' lang='grc'><strong>562.</strong></span> <span class='ocrx_word' id='word_1_392' title='bbox 401 3613 457 3679; x_wconf 86' lang='grc'><strong>61),</strong></span> <span class='ocrx_word' id='word_1_393' title='bbox 488 3616 594 3669; x_wconf 87' lang='lat' dir='ltr'>sextum</span> <span class='ocrx_word' id='word_1_394' title='bbox 611 3617 712 3683; x_wconf 87' lang='lat' dir='ltr'>autem,</span> <span class='ocrx_word' id='word_1_395' title='bbox 735 3615 782 3669; x_wconf 93' lang='lat' dir='ltr'>ubi</span> <span class='ocrx_word' id='word_1_396' title='bbox 800 3615 876 3685; x_wconf 90' lang='lat' dir='ltr'>quies</span> <span class='ocrx_word' id='word_1_397' title='bbox 894 3615 981 3669; x_wconf 88' lang='lat' dir='ltr'>locum</span> <span class='ocrx_word' id='word_1_398' title='bbox 999 3614 1099 3669; x_wconf 85' lang='lat' dir='ltr'>babeat</span> <span class='ocrx_word' id='word_1_399' title='bbox 1117 3616 1160 3681; x_wconf 91' lang='lat' dir='ltr'>(ut</span> <span class='ocrx_word' id='word_1_400' title='bbox 1177 3613 1223 3682; x_wconf 85' lang='lat' dir='ltr'>VI,</span> <span class='ocrx_word' id='word_1_401' title='bbox 1243 3617 1301 3669; x_wconf 84' lang='grc'><strong>842.</strong></span> <span class='ocrx_word' id='word_1_402' title='bbox 1318 3615 1347 3668; x_wconf 91' lang='grc'>66</span> 
     </span>
     <span class='ocr_line' id='line_1_41' title="bbox 170 3678 1347 3752; baseline 0.003 -19"><span class='ocrx_word' id='word_1_403' title='bbox 170 3678 227 3746; x_wconf 83' lang='lat' dir='ltr'>al).</span> <span class='ocrx_word' id='word_1_404' title='bbox 246 3678 275 3733; x_wconf 85' lang='lat' dir='ltr'>si</span> <span class='ocrx_word' id='word_1_405' title='bbox 291 3683 384 3734; x_wconf 87' lang='lat' dir='ltr'>tamen</span> <span class='ocrx_word' id='word_1_406' title='bbox 401 3680 434 3735; x_wconf 88' lang='lat' dir='ltr'>W</span> <span class='ocrx_word' id='word_1_407' title='bbox 491 3682 587 3736; x_wconf 91' lang='lat' dir='ltr'>.idem</span> <span class='ocrx_word' id='word_1_408' title='bbox 606 3681 751 3738; x_wconf 88' lang='lat' dir='ltr'>discrimen</span> <span class='ocrx_word' id='word_1_409' title='bbox 768 3683 851 3738; x_wconf 86' lang='lat' dir='ltr'>etiam</span> <span class='ocrx_word' id='word_1_410' title='bbox 869 3682 937 3736; x_wconf 87' lang='lat' dir='ltr'>alios</span> <span class='ocrx_word' id='word_1_411' title='bbox 955 3682 1039 3737; x_wconf 89' lang='lat' dir='ltr'>bonos</span> <span class='ocrx_word' id='word_1_412' title='bbox 1058 3681 1202 3752; x_wconf 79' lang='lat' dir='ltr'>scriptores</span> <span class='ocrx_word' id='word_1_413' title='bbox 1220 3683 1347 3737; x_wconf 73' lang='lat' dir='ltr'>consim-</span> 
     </span>
     <span class='ocr_line' id='line_1_42' title="bbox 170 3748 1349 3819; baseline 0.003 -18"><span class='ocrx_word' id='word_1_414' title='bbox 170 3750 215 3801; x_wconf 88' lang='lat' dir='ltr'>ter</span> <span class='ocrx_word' id='word_1_415' title='bbox 234 3763 340 3802; x_wconf 72' lang='lat' dir='ltr'>semare</span> <span class='ocrx_word' id='word_1_416' title='bbox 360 3755 455 3803; x_wconf 81' lang='lat' dir='ltr'>conten</span> <span class='ocrx_word' id='word_1_417' title='bbox 477 3750 507 3817; x_wconf 85' lang='grc'>’6,</span> <span class='ocrx_word' id='word_1_418' title='bbox 538 3751 578 3803; x_wconf 90' lang='lat' dir='ltr'>ita</span> <span class='ocrx_word' id='word_1_419' title='bbox 595 3751 627 3804; x_wconf 91' lang='grc'>66</span> <span class='ocrx_word' id='word_1_420' title='bbox 644 3751 697 3805; x_wconf 90' lang='lat' dir='ltr'>loci</span> <span class='ocrx_word' id='word_1_421' title='bbox 713 3750 824 3819; x_wconf 88' lang='lat' dir='ltr'>quidam</span> <span class='ocrx_word' id='word_1_422' title='bbox 842 3750 1024 3813; x_wconf 85' lang='lat' dir='ltr'>adversantes,</span> <span class='ocrx_word' id='word_1_423' title='bbox 1052 3750 1099 3818; x_wconf 92' lang='lat' dir='ltr'>qui</span> <span class='ocrx_word' id='word_1_424' title='bbox 1122 3748 1241 3803; x_wconf 90' lang='lat' dir='ltr'>nondum</span> <span class='ocrx_word' id='word_1_425' title='bbox 1258 3765 1349 3804; x_wconf 86' lang='lat' dir='ltr'>emen·</span> 
     </span>
     <span class='ocr_line' id='line_1_43' title="bbox 170 3812 1348 3883; baseline 0.001 -15"><span class='ocrx_word' id='word_1_426' title='bbox 170 3812 230 3869; x_wconf 88' lang='lat' dir='ltr'>dati</span> <span class='ocrx_word' id='word_1_427' title='bbox 249 3816 305 3868; x_wconf 87' lang='lat' dir='ltr'>sint</span> <span class='ocrx_word' id='word_1_428' title='bbox 322 3816 454 3870; x_wconf 88' lang='lat' dir='ltr'>bonorum</span> <span class='ocrx_word' id='word_1_429' title='bbox 473 3817 559 3871; x_wconf 85' lang='lat' dir='ltr'>Codd.</span> <span class='ocrx_word' id='word_1_430' title='bbox 578 3818 750 3883; x_wconf 87' lang='lat' dir='ltr'>anctoritate,</span> <span class='ocrx_word' id='word_1_431' title='bbox 780 3834 890 3872; x_wconf 87' lang='lat' dir='ltr'>manum</span> <span class='ocrx_word' id='word_1_432' title='bbox 909 3816 1117 3872; x_wconf 81' lang='lat' dir='ltr'>emendatricem</span> <span class='ocrx_word' id='word_1_433' title='bbox 1138 3818 1286 3870; x_wconf 85' lang='lat' dir='ltr'>etiamnum</span> <span class='ocrx_word' id='word_1_434' title='bbox 1304 3833 1348 3871; x_wconf 88' lang='grc'>66-</span> 
     </span>
     <span class='ocr_line' id='line_1_44' title="bbox 171 3884 1349 3954; baseline 0.002 -19"><span class='ocrx_word' id='word_1_435' title='bbox 171 3885 297 3950; x_wconf 86' lang='lat' dir='ltr'>spectent</span> <span class='ocrx_word' id='word_1_436' title='bbox 314 3888 350 3949; x_wconf 80' lang='lat' dir='ltr'>(r.</span> <span class='ocrx_word' id='word_1_437' title='bbox 368 3900 391 3937; x_wconf 90' lang='lat' dir='ltr'>c.</span> <span class='ocrx_word' id='word_1_438' title='bbox 409 3884 471 3937; x_wconf 83' lang='lat' dir='ltr'>Tac.</span> <span class='ocrx_word' id='word_1_439' title='bbox 491 3884 562 3938; x_wconf 87' lang='lat' dir='ltr'>Hist.</span> <span class='ocrx_word' id='word_1_440' title='bbox 581 3884 613 3952; x_wconf 87' lang='lat' dir='ltr'>V,</span> <span class='ocrx_word' id='word_1_441' title='bbox 633 3888 682 3949; x_wconf 88' lang='grc'><strong>11.,</strong></span> <span class='ocrx_word' id='word_1_442' title='bbox 706 3885 753 3940; x_wconf 83' lang='grc'>661</span> <span class='ocrx_word' id='word_1_443' title='bbox 770 3902 818 3954; x_wconf 89' lang='grc'>666</span> <span class='ocrx_word' id='word_1_444' title='bbox 835 3884 940 3939; x_wconf 81' lang='lat' dir='ltr'>Iudaei</span> <span class='ocrx_word' id='word_1_445' title='bbox 956 3885 1005 3937; x_wconf 84' lang='grc'>666</span> <span class='ocrx_word' id='word_1_446' title='bbox 1023 3884 1100 3952; x_wconf 80' lang='lat' dir='ltr'>ipsos</span> <span class='ocrx_word' id='word_1_447' title='bbox 1116 3900 1209 3937; x_wconf 81' lang='lat' dir='ltr'>maroa</span> <span class='ocrx_word' id='word_1_448' title='bbox 1224 3890 1349 3937; x_wconf 72' lang='lat' dir='ltr'>sincaere</span> 
     </span>
     <span class='ocr_line' id='line_1_45' title="bbox 170 3948 1348 4073; baseline -0.001 -69"><span class='ocrx_word' id='word_1_449' title='bbox 170 3950 261 4004; x_wconf 72' lang='lat' dir='ltr'>aciem</span> <span class='ocrx_word' id='word_1_450' title='bbox 288 3948 434 4020; x_wconf 83' lang='lat' dir='ltr'>legendum</span> <span class='ocrx_word' id='word_1_451' title='bbox 452 3951 555 4005; x_wconf 81' lang='grc'><strong>616666</strong></span> <span class='ocrx_word' id='word_1_452' title='bbox 573 3953 635 4031; x_wconf 81' lang='lat' dir='ltr'>ipso</span> <span class='ocrx_word' id='word_1_453' title='bbox 652 3954 752 4014; x_wconf 80' lang='lat' dir='ltr'>maro),</span> <span class='ocrx_word' id='word_1_454' title='bbox 784 3952 913 4073; x_wconf 54' lang='lat' dir='ltr'>ibidem</span> <span class='ocrx_word' id='word_1_455' title='bbox 930 3966 974 4030; x_wconf 81' lang='lat' dir='ltr'>me</span> <span class='ocrx_word' id='word_1_456' title='bbox 992 3949 1122 4004; x_wconf 84' lang='lat' dir='ltr'>adsentiri</span> <span class='ocrx_word' id='word_1_457' title='bbox 1138 3966 1192 4003; x_wconf 90' lang='lat' dir='ltr'>nou</span> <span class='ocrx_word' id='word_1_458' title='bbox 1209 3966 1295 4029; x_wconf 41' lang='lat' dir='ltr'>posse·</span> <span class='ocrx_word' id='word_1_459' title='bbox 1306 3950 1348 4029; x_wconf 78' lang='grc'>16·</span> 
     </span>
     <span class='ocr_line' id='line_1_46' title="bbox 170 4018 1349 4088; baseline 0 -17"><span class='ocrx_word' id='word_1_460' title='bbox 170 4019 239 4082; x_wconf 85' lang='lat' dir='ltr'>teor,</span> <span class='ocrx_word' id='word_1_461' title='bbox 259 4034 320 4071; x_wconf 90' lang='lat' dir='ltr'>cum</span> <span class='ocrx_word' id='word_1_462' title='bbox 337 4018 469 4073; x_wconf 88' lang='lat' dir='ltr'>eiusmodi</span> <span class='ocrx_word' id='word_1_463' title='bbox 486 4018 592 4073; x_wconf 78' lang='lat' dir='ltr'>dicendi</span> <span class='ocrx_word' id='word_1_464' title='bbox 606 4019 746 4082; x_wconf 83' lang='lat' dir='ltr'>formulae,</span> <span class='ocrx_word' id='word_1_465' title='bbox 766 4036 782 4088; x_wconf 90' lang='lat' dir='ltr'>q</span> <span class='ocrx_word' id='word_1_466' title='bbox 832 4020 854 4072; x_wconf 88' lang='lat' dir='ltr'>&#39;s</span> <span class='ocrx_word' id='word_1_467' title='bbox 872 4022 915 4072; x_wconf 89' lang='lat' dir='ltr'>est</span> <span class='ocrx_word' id='word_1_468' title='bbox 931 4035 961 4070; x_wconf 85' lang='lat' dir='ltr'>m</span> <span class='ocrx_word' id='word_1_469' title='bbox 976 4024 1137 4086; x_wconf 75' lang='lat' dir='ltr'>potestatem</span> <span class='ocrx_word' id='word_1_470' title='bbox 1153 4032 1210 4071; x_wconf 78' lang='lat' dir='ltr'>ease</span> <span class='ocrx_word' id='word_1_471' title='bbox 1227 4019 1255 4071; x_wconf 90' lang='lat' dir='ltr'>et</span> <span class='ocrx_word' id='word_1_472' title='bbox 1274 4032 1349 4071; x_wconf 79' lang='lat' dir='ltr'>simr-</span> 
     </span>
     <span class='ocr_line' id='line_1_47' title="bbox 169 4083 1346 4156; baseline -0.001 -18"><span class='ocrx_word' id='word_1_473' title='bbox 169 4084 220 4152; x_wconf 92' lang='lat' dir='ltr'>les,</span> <span class='ocrx_word' id='word_1_474' title='bbox 238 4085 285 4140; x_wconf 90' lang='lat' dir='ltr'>ubi</span> <span class='ocrx_word' id='word_1_475' title='bbox 303 4089 394 4140; x_wconf 90' lang='lat' dir='ltr'>motus</span> <span class='ocrx_word' id='word_1_476' title='bbox 411 4086 563 4156; x_wconf 79' lang='lat' dir='ltr'>praegressi</span> <span class='ocrx_word' id='word_1_477' title='bbox 581 4088 609 4140; x_wconf 89' lang='lat' dir='ltr'>et</span> <span class='ocrx_word' id='word_1_478' title='bbox 627 4086 731 4156; x_wconf 86' lang='lat' dir='ltr'>quietes</span> <span class='ocrx_word' id='word_1_479' title='bbox 743 4091 852 4141; x_wconf 87' lang='lat' dir='ltr'>secutae</span> <span class='ocrx_word' id='word_1_480' title='bbox 870 4085 944 4139; x_wconf 90' lang='lat' dir='ltr'>notio</span> <span class='ocrx_word' id='word_1_481' title='bbox 961 4083 990 4137; x_wconf 91' lang='lat' dir='ltr'>iu</span> <span class='ocrx_word' id='word_1_482' title='bbox 1000 4083 1091 4138; x_wconf 84' lang='grc'><strong>’66666</strong></span> <span class='ocrx_word' id='word_1_483' title='bbox 1109 4084 1264 4139; x_wconf 86' lang='grc'><strong>6661666666</strong></span> <span class='ocrx_word' id='word_1_484' title='bbox 1280 4084 1346 4152; x_wconf 84' lang='lat' dir='ltr'>(rid.</span> 
     </span>
     <span class='ocr_line' id='line_1_48' title="bbox 170 4151 1347 4221; baseline 0.001 -15"><span class='ocrx_word' id='word_1_485' title='bbox 170 4151 205 4206; x_wconf 88' lang='grc'>66</span> <span class='ocrx_word' id='word_1_486' title='bbox 223 4152 289 4207; x_wconf 79' lang='lat' dir='ltr'>(ieo.</span> <span class='ocrx_word' id='word_1_487' title='bbox 306 4153 344 4218; x_wconf 92' lang='lat'>11,</span> <span class='ocrx_word' id='word_1_488' title='bbox 362 4157 434 4221; x_wconf 83' lang='grc'><strong>248.)</strong></span> <span class='ocrx_word' id='word_1_489' title='bbox 461 4154 512 4208; x_wconf 85' lang='lat' dir='ltr'>hac</span> <span class='ocrx_word' id='word_1_490' title='bbox 541 4153 570 4207; x_wconf 92' lang='lat' dir='ltr'>in</span> <span class='ocrx_word' id='word_1_491' title='bbox 600 4170 629 4208; x_wconf 90' lang='lat' dir='ltr'>re</span> <span class='ocrx_word' id='word_1_492' title='bbox 661 4153 834 4208; x_wconf 89' lang='lat' dir='ltr'>diiudicanda</span> <span class='ocrx_word' id='word_1_493' title='bbox 862 4169 910 4207; x_wconf 87' lang='grc'>666</span> <span class='ocrx_word' id='word_1_494' title='bbox 940 4152 1073 4206; x_wconf 85' lang='lat' dir='ltr'>cautiores</span> <span class='ocrx_word' id='word_1_495' title='bbox 1100 4168 1165 4207; x_wconf 81' lang='grc'><strong>6666</strong></span> <span class='ocrx_word' id='word_1_496' title='bbox 1175 4153 1294 4207; x_wconf 89' lang='lat' dir='ltr'>iubeant.</span> <span class='ocrx_word' id='word_1_497' title='bbox 1314 4183 1347 4193; x_wconf 92' lang='lat'>-</span> 
     </span>
    </p>
   </div>
   <div class='ocr_carea' id='block_1_6' title="bbox 169 4218 1347 4301">
    <p class='ocr_par' dir='ltr' id='par_1_8' title="bbox 169 4218 1347 4301">
     <span class='ocr_line' id='line_1_49' title="bbox 169 4218 1347 4301; baseline 0.003 -28"><span class='ocrx_word' id='word_1_498' title='bbox 169 4250 202 4261; x_wconf 89' lang='lat'>-</span> <span class='ocrx_word' id='word_1_499' title='bbox 220 4220 362 4276; x_wconf 78' lang='lat' dir='ltr'>inimica</span> <span class='ocrx_word' id='word_1_500' title='bbox 391 4223 425 4275; x_wconf 83' lang='lat' dir='ltr'>in</span> <span class='ocrx_word' id='word_1_501' title='bbox 448 4222 604 4301; x_wconf 76' lang='lat' dir='ltr'>proelia,</span> <span class='ocrx_word' id='word_1_502' title='bbox 636 4223 669 4275; x_wconf 88' lang='lat' dir='ltr'>ut</span> <span class='ocrx_word' id='word_1_503' title='bbox 699 4237 782 4289; x_wconf 89' lang='lat' dir='ltr'>supra</span> <span class='ocrx_word' id='word_1_504' title='bbox 798 4238 823 4277; x_wconf 83' lang='lat' dir='ltr'>r.</span> <span class='ocrx_word' id='word_1_505' title='bbox 845 4224 900 4275; x_wconf 83' lang='grc'><strong>716.</strong></span> <span class='ocrx_word' id='word_1_506' title='bbox 920 4250 953 4261; x_wconf 87' lang='lat'>-</span> <span class='ocrx_word' id='word_1_507' title='bbox 971 4219 1003 4273; x_wconf 88' lang='lat' dir='ltr'>V.</span> <span class='ocrx_word' id='word_1_508' title='bbox 1020 4218 1076 4281; x_wconf 87' lang='lat'>813</span> <span class='ocrx_word' id='word_1_509' title='bbox 1094 4237 1133 4291; x_wconf 93' lang='lat' dir='ltr'>sq.</span> <span class='ocrx_word' id='word_1_510' title='bbox 1157 4220 1305 4290; x_wconf 90' lang='lat' dir='ltr'>respiciunt</span> <span class='ocrx_word' id='word_1_511' title='bbox 1323 4238 1347 4277; x_wconf 84' lang='lat' dir='ltr'>v.</span> 
     </span>
    </p>
   </div>
   <div class='ocr_carea' id='block_1_7' title="bbox 828 1145 1445 1236">
    <p class='ocr_par' dir='ltr' id='par_1_9' title="bbox 828 1145 1445 1236">
     <span class='ocr_line' id='line_1_50' title="bbox 828 1145 1445 1236; baseline 0 -35"><span class='ocrx_word' id='word_1_512' title='bbox 828 1145 898 1201; x_wconf 90' lang='lat' dir='ltr'>eret</span> <span class='ocrx_word' id='word_1_513' title='bbox 918 1157 1047 1219; x_wconf 73' lang='lat' dir='ltr'>arcum,</span> <span class='ocrx_word' id='word_1_514' title='bbox 1295 1150 1345 1201; x_wconf 88' lang='grc'>815</span> <span class='ocrx_word' id='word_1_515' title='bbox 1439 1225 1445 1236; x_wconf 28' lang='grc' dir='ltr'><strong><em>Ι</em></strong></span> 
     </span>
    </p>
   </div>
   <div class='ocr_carea' id='block_1_8' title="bbox 173 4288 1420 4353">
    <p class='ocr_par' dir='ltr' id='par_1_10' title="bbox 173 4288 1420 4353">
     <span class='ocr_line' id='line_1_51' title="bbox 173 4288 1420 4353; baseline 0.002 -12"><span class='ocrx_word' id='word_1_516' title='bbox 173 4290 229 4343; x_wconf 85' lang='grc'><strong>188.</strong></span> <span class='ocrx_word' id='word_1_517' title='bbox 250 4293 278 4343; x_wconf 89' lang='grc'>66</span> <span class='ocrx_word' id='word_1_518' title='bbox 298 4292 355 4343; x_wconf 88' lang='grc'><strong>152.</strong></span> <span class='ocrx_word' id='word_1_519' title='bbox 381 4289 489 4344; x_wconf 81' lang='lat' dir='ltr'>Semne</span> <span class='ocrx_word' id='word_1_520' title='bbox 507 4289 543 4344; x_wconf 89' lang='grc'>66</span> <span class='ocrx_word' id='word_1_521' title='bbox 560 4291 626 4343; x_wconf 84' lang='lat' dir='ltr'>Aen.</span> <span class='ocrx_word' id='word_1_522' title='bbox 645 4288 679 4353; x_wconf 85' lang='lat' dir='ltr'>X,</span> <span class='ocrx_word' id='word_1_523' title='bbox 698 4294 722 4342; x_wconf 92' lang='grc'>4.</span> <span class='ocrx_word' id='word_1_524' title='bbox 742 4306 803 4343; x_wconf 89' lang='lat' dir='ltr'>curn</span> <span class='ocrx_word' id='word_1_525' title='bbox 820 4288 910 4344; x_wconf 85' lang='lat' dir='ltr'>verbis</span> <span class='ocrx_word' id='word_1_526' title='bbox 927 4288 1072 4342; x_wconf 70' lang='grc'><strong>1661666666</strong></span> <span class='ocrx_word' id='word_1_527' title='bbox 1088 4306 1247 4344; x_wconf 70' lang='lat' dir='ltr'>memorare</span> <span class='ocrx_word' id='word_1_528' title='bbox 1264 4289 1351 4343; x_wconf 70' lang='lat' dir='ltr'>Suari</span> <span class='ocrx_word' id='word_1_529' title='bbox 1418 4295 1420 4298; x_wconf 83' lang='lat'>&#39;</span> 
     </span>
    </p>
   </div>
   <div class='ocr_carea' id='block_1_9' title="bbox 168 4355 1349 4970">
    <p class='ocr_par' dir='ltr' id='par_1_11' title="bbox 168 4355 1349 4970">
     <span class='ocr_line' id='line_1_52' title="bbox 169 4355 1347 4426; baseline 0.001 -17"><span class='ocrx_word' id='word_1_530' title='bbox 169 4358 310 4424; x_wconf 87' lang='lat' dir='ltr'>comparat</span> <span class='ocrx_word' id='word_1_531' title='bbox 330 4357 410 4411; x_wconf 85' lang='lat' dir='ltr'>Ennii</span> <span class='ocrx_word' id='word_1_532' title='bbox 427 4358 510 4412; x_wconf 85' lang='lat' dir='ltr'>verba</span> <span class='ocrx_word' id='word_1_533' title='bbox 530 4357 597 4417; x_wconf 77' lang='lat' dir='ltr'>Quis</span> <span class='ocrx_word' id='word_1_534' title='bbox 613 4364 638 4411; x_wconf 86' lang='lat' dir='ltr'>te</span> <span class='ocrx_word' id='word_1_535' title='bbox 677 4358 812 4411; x_wconf 74' lang='grc'><strong>66666601</strong></span> <span class='ocrx_word' id='word_1_536' title='bbox 829 4357 892 4423; x_wconf 88' lang='lat' dir='ltr'>(inc.</span> <span class='ocrx_word' id='word_1_537' title='bbox 910 4356 971 4410; x_wconf 89' lang='lat' dir='ltr'>libr.</span> <span class='ocrx_word' id='word_1_538' title='bbox 988 4355 1022 4410; x_wconf 85' lang='lat' dir='ltr'>ir.</span> <span class='ocrx_word' id='word_1_539' title='bbox 1040 4359 1064 4410; x_wconf 94' lang='grc'>4.</span> <span class='ocrx_word' id='word_1_540' title='bbox 1076 4373 1103 4426; x_wconf 94' lang='lat' dir='ltr'>p.</span> <span class='ocrx_word' id='word_1_541' title='bbox 1115 4357 1281 4424; x_wconf 71' lang='grc'><strong>17606161).</strong></span> <span class='ocrx_word' id='word_1_542' title='bbox 1300 4357 1347 4411; x_wconf 88' lang='lat' dir='ltr'>Di·</span> 
     </span>
     <span class='ocr_line' id='line_1_53' title="bbox 169 4423 1349 4492; baseline 0.003 -16"><span class='ocrx_word' id='word_1_543' title='bbox 169 4423 365 4492; x_wconf 79' lang='lat' dir='ltr'>stingnendum</span> <span class='ocrx_word' id='word_1_544' title='bbox 383 4427 477 4479; x_wconf 88' lang='lat' dir='ltr'>tamen</span> <span class='ocrx_word' id='word_1_545' title='bbox 495 4427 538 4479; x_wconf 88' lang='lat' dir='ltr'>est</span> <span class='ocrx_word' id='word_1_546' title='bbox 555 4424 628 4479; x_wconf 90' lang='lat' dir='ltr'>inter</span> <span class='ocrx_word' id='word_1_547' title='bbox 659 4441 730 4492; x_wconf 90' lang='lat' dir='ltr'>ocos,</span> <span class='ocrx_word' id='word_1_548' title='bbox 760 4424 807 4479; x_wconf 91' lang='lat' dir='ltr'>ubi</span> <span class='ocrx_word' id='word_1_549' title='bbox 824 4425 913 4480; x_wconf 85' lang='lat' dir='ltr'>verbis</span> <span class='ocrx_word' id='word_1_550' title='bbox 930 4426 1049 4479; x_wconf 72' lang='lat' dir='ltr'>mandare</span> <span class='ocrx_word' id='word_1_551' title='bbox 1067 4428 1096 4478; x_wconf 90' lang='grc'>66</span> <span class='ocrx_word' id='word_1_552' title='bbox 1133 4428 1281 4479; x_wconf 68' lang='lat' dir='ltr'>amedera</span> <span class='ocrx_word' id='word_1_553' title='bbox 1297 4426 1349 4479; x_wconf 80' lang='lat' dir='ltr'>Ac·</span> 
     </span>
     <span class='ocr_line' id='line_1_54' title="bbox 168 4443 1347 4572; baseline 0.003 -28"><span class='ocrx_word' id='word_1_554' title='bbox 168 4506 226 4544; x_wconf 85' lang='lat' dir='ltr'>eus.</span> <span class='ocrx_word' id='word_1_555' title='bbox 243 4509 304 4546; x_wconf 89' lang='lat' dir='ltr'>cum</span> <span class='ocrx_word' id='word_1_556' title='bbox 322 4492 401 4547; x_wconf 86' lang='lat' dir='ltr'>infin.</span> <span class='ocrx_word' id='word_1_557' title='bbox 419 4496 462 4561; x_wconf 87' lang='grc'>(66</span> <span class='ocrx_word' id='word_1_558' title='bbox 480 4493 533 4556; x_wconf 90' lang='lat' dir='ltr'>hic,</span> <span class='ocrx_word' id='word_1_559' title='bbox 552 4508 596 4561; x_wconf 87' lang='lat' dir='ltr'>ap.</span> <span class='ocrx_word' id='word_1_560' title='bbox 609 4493 669 4547; x_wconf 75' lang='lat' dir='ltr'>Ter,</span> <span class='ocrx_word' id='word_1_561' title='bbox 680 4492 745 4548; x_wconf 84' lang='lat' dir='ltr'>Hoc.</span> <span class='ocrx_word' id='word_1_562' title='bbox 757 4492 808 4556; x_wconf 88' lang='lat'>111,</span> <span class='ocrx_word' id='word_1_563' title='bbox 819 4498 845 4561; x_wconf 84' lang='lat'>5,</span> <span class='ocrx_word' id='word_1_564' title='bbox 859 4496 911 4572; x_wconf 73' lang='lat'><strong>.³¹·’</strong></span> <span class='ocrx_word' id='word_1_565' title='bbox 930 4491 1054 4561; x_wconf 82' lang='lat' dir='ltr'>Appulei.</span> <span class='ocrx_word' id='word_1_566' title='bbox 1067 4443 1132 4572; x_wconf 54' lang='lat' dir='ltr'>Mei).</span> <span class='ocrx_word' id='word_1_567' title='bbox 1145 4492 1178 4557; x_wconf 90' lang='lat' dir='ltr'>V,</span> <span class='ocrx_word' id='word_1_568' title='bbox 1194 4497 1234 4546; x_wconf 93' lang='grc'>11.</span> <span class='ocrx_word' id='word_1_569' title='bbox 1247 4507 1273 4561; x_wconf 93' lang='grc'>6.</span> <span class='ocrx_word' id='word_1_570' title='bbox 1289 4495 1347 4548; x_wconf 89' lang='grc'><strong>342.</strong></span> 
     </span>
     <span class='ocr_line' id='line_1_55' title="bbox 168 4558 1345 4630; baseline 0.003 -18"><span class='ocrx_word' id='word_1_571' title='bbox 168 4558 239 4612; x_wconf 91' lang='grc'><strong>066.</strong></span> <span class='ocrx_word' id='word_1_572' title='bbox 257 4561 313 4624; x_wconf 79' lang='lat' dir='ltr'>al),</span> <span class='ocrx_word' id='word_1_573' title='bbox 331 4564 360 4615; x_wconf 89' lang='lat' dir='ltr'>et</span> <span class='ocrx_word' id='word_1_574' title='bbox 377 4561 424 4615; x_wconf 91' lang='lat' dir='ltr'>nbi</span> <span class='ocrx_word' id='word_1_575' title='bbox 442 4560 555 4630; x_wconf 83' lang='lat' dir='ltr'>simplex</span> <span class='ocrx_word' id='word_1_576' title='bbox 567 4561 662 4615; x_wconf 82' lang='lat' dir='ltr'>Aecus.</span> <span class='ocrx_word' id='word_1_577' title='bbox 699 4576 810 4616; x_wconf 88' lang='lat' dir='ltr'>ersonae</span> <span class='ocrx_word' id='word_1_578' title='bbox 823 4560 951 4616; x_wconf 79' lang='lat' dir='ltr'>adiicitur</span> <span class='ocrx_word' id='word_1_579' title='bbox 964 4559 1130 4629; x_wconf 78' lang='grc'><strong>(6666066.</strong></span> <span class='ocrx_word' id='word_1_580' title='bbox 1143 4560 1177 4615; x_wconf 92' lang='grc'>66</span> <span class='ocrx_word' id='word_1_581' title='bbox 1206 4575 1345 4615; x_wconf 68' lang='lat' dir='ltr'>roncone.</span> 
     </span>
     <span class='ocr_line' id='line_1_56' title="bbox 171 4626 1346 4698; baseline 0.002 -18"><span class='ocrx_word' id='word_1_582' title='bbox 171 4630 211 4688; x_wconf 77' lang='lat' dir='ltr'>lt,</span> <span class='ocrx_word' id='word_1_583' title='bbox 230 4630 272 4681; x_wconf 86' lang='grc'>42.</span> <span class='ocrx_word' id='word_1_584' title='bbox 289 4627 397 4684; x_wconf 90' lang='lat' dir='ltr'>Petrou.</span> <span class='ocrx_word' id='word_1_585' title='bbox 417 4632 459 4682; x_wconf 91' lang='grc'>62.</span> <span class='ocrx_word' id='word_1_586' title='bbox 478 4633 521 4683; x_wconf 94' lang='grc'>64.</span> <span class='ocrx_word' id='word_1_587' title='bbox 537 4630 579 4696; x_wconf 80' lang='lat' dir='ltr'>Ap</span> <span class='ocrx_word' id='word_1_588' title='bbox 600 4628 662 4683; x_wconf 90' lang='lat' dir='ltr'>ulei.</span> <span class='ocrx_word' id='word_1_589' title='bbox 710 4628 814 4696; x_wconf 82' lang='grc'><strong>66111,</strong></span> <span class='ocrx_word' id='word_1_590' title='bbox 833 4634 875 4683; x_wconf 88' lang='grc'><strong>25.</strong></span> <span class='ocrx_word' id='word_1_591' title='bbox 894 4645 920 4698; x_wconf 90' lang='lat' dir='ltr'>p.</span> <span class='ocrx_word' id='word_1_592' title='bbox 933 4630 992 4683; x_wconf 87' lang='grc'><strong>642.</strong></span> <span class='ocrx_word' id='word_1_593' title='bbox 1012 4627 1163 4683; x_wconf 78' lang='grc'><strong>0661666</strong></span> <span class='ocrx_word' id='word_1_594' title='bbox 1205 4667 1212 4680; x_wconf 92' lang='grc'>.</span> <span class='ocrx_word' id='word_1_595' title='bbox 1232 4627 1266 4682; x_wconf 91' lang='grc'>66</span> <span class='ocrx_word' id='word_1_596' title='bbox 1284 4626 1346 4682; x_wconf 91' lang='lat' dir='ltr'>hab.</span> 
     </span>
     <span class='ocr_line' id='line_1_57' title="bbox 168 4693 1347 4766; baseline 0.003 -19"><span class='ocrx_word' id='word_1_597' title='bbox 168 4693 236 4748; x_wconf 90' lang='lat' dir='ltr'>mul.</span> <span class='ocrx_word' id='word_1_598' title='bbox 256 4696 382 4763; x_wconf 75' lang='grc'><strong>161161).</strong></span> <span class='ocrx_word' id='word_1_599' title='bbox 402 4728 435 4736; x_wconf 96' lang='lat'>-</span> <span class='ocrx_word' id='word_1_600' title='bbox 453 4695 517 4758; x_wconf 71' lang='lat'>815·</span> <span class='ocrx_word' id='word_1_601' title='bbox 548 4736 566 4763; x_wconf 89' lang='lat'><strong>„</strong></span> <span class='ocrx_word' id='word_1_602' title='bbox 591 4696 739 4766; x_wconf 76' lang='lat' dir='ltr'>legantiam</span> <span class='ocrx_word' id='word_1_603' title='bbox 761 4696 896 4751; x_wconf 81' lang='lat' dir='ltr'>formulae</span> <span class='ocrx_word' id='word_1_604' title='bbox 912 4714 966 4750; x_wconf 85' lang='lat' dir='ltr'>mon</span> <span class='ocrx_word' id='word_1_605' title='bbox 986 4703 1076 4749; x_wconf 86' lang='lat' dir='ltr'>tamen</span> <span class='ocrx_word' id='word_1_606' title='bbox 1093 4702 1123 4749; x_wconf 83' lang='lat' dir='ltr'>ut</span> <span class='ocrx_word' id='word_1_607' title='bbox 1140 4695 1267 4764; x_wconf 82' lang='lat' dir='ltr'>exemplis</span> <span class='ocrx_word' id='word_1_608' title='bbox 1285 4694 1347 4750; x_wconf 88' lang='lat' dir='ltr'>illu·</span> 
     </span>
     <span class='ocr_line' id='line_1_58' title="bbox 168 4762 1349 4830; baseline 0.003 -15"><span class='ocrx_word' id='word_1_609' title='bbox 168 4762 270 4817; x_wconf 78' lang='lat' dir='ltr'>stravit</span> <span class='ocrx_word' id='word_1_610' title='bbox 298 4763 425 4819; x_wconf 88' lang='lat' dir='ltr'>Heinsius</span> <span class='ocrx_word' id='word_1_611' title='bbox 456 4764 492 4819; x_wconf 88' lang='grc'>66</span> <span class='ocrx_word' id='word_1_612' title='bbox 520 4763 598 4819; x_wconf 80' lang='lat' dir='ltr'>evin</span> <span class='ocrx_word' id='word_1_613' title='bbox 628 4764 692 4820; x_wconf 85' lang='grc'><strong>1166.</strong></span> <span class='ocrx_word' id='word_1_614' title='bbox 715 4766 748 4830; x_wconf 95' lang='lat' dir='ltr'>V,</span> <span class='ocrx_word' id='word_1_615' title='bbox 783 4767 844 4820; x_wconf 83' lang='grc'><strong>88.“</strong></span> <span class='ocrx_word' id='word_1_616' title='bbox 877 4763 986 4819; x_wconf 81' lang='lat' dir='ltr'>Peerlk.</span> <span class='ocrx_word' id='word_1_617' title='bbox 1023 4762 1154 4818; x_wconf 83' lang='lat' dir='ltr'>Simulato</span> <span class='ocrx_word' id='word_1_618' title='bbox 1181 4765 1292 4817; x_wconf 85' lang='lat' dir='ltr'>excusat</span> <span class='ocrx_word' id='word_1_619' title='bbox 1320 4779 1349 4818; x_wconf 91' lang='lat' dir='ltr'>se</span> 
     </span>
     <span class='ocr_line' id='line_1_59' title="bbox 168 4829 1347 4903; baseline 0.004 -20"><span class='ocrx_word' id='word_1_620' title='bbox 168 4829 236 4884; x_wconf 89' lang='lat' dir='ltr'>Iuno</span> <span class='ocrx_word' id='word_1_621' title='bbox 258 4846 276 4885; x_wconf 88' lang='lat' dir='ltr'>a</span> <span class='ocrx_word' id='word_1_622' title='bbox 295 4830 331 4885; x_wconf 91' lang='grc'>66</span> <span class='ocrx_word' id='word_1_623' title='bbox 359 4832 451 4888; x_wconf 85' lang='lat' dir='ltr'>Iovem</span> <span class='ocrx_word' id='word_1_624' title='bbox 470 4833 527 4888; x_wconf 88' lang='lat' dir='ltr'>eius</span> <span class='ocrx_word' id='word_1_625' title='bbox 559 4832 786 4903; x_wconf 79' lang='lat' dir='ltr'>vituperationem</span> <span class='ocrx_word' id='word_1_626' title='bbox 818 4849 843 4888; x_wconf 86' lang='lat' dir='ltr'>r.</span> <span class='ocrx_word' id='word_1_627' title='bbox 874 4836 931 4887; x_wconf 80' lang='grc'><strong>191.</strong></span> <span class='ocrx_word' id='word_1_628' title='bbox 962 4830 1097 4901; x_wconf 87' lang='lat' dir='ltr'>prolatam</span> <span class='ocrx_word' id='word_1_629' title='bbox 1131 4830 1283 4901; x_wconf 84' lang='lat' dir='ltr'>respiciens.</span> <span class='ocrx_word' id='word_1_630' title='bbox 1314 4861 1347 4870; x_wconf 90' lang='lat'>-</span> 
     </span>
     <span class='ocr_line' id='line_1_60' title="bbox 168 4848 1348 4970; baseline -0.001 -14"><span class='ocrx_word' id='word_1_631' title='bbox 168 4896 234 4957; x_wconf 87' lang='grc'><strong>816.</strong></span> <span class='ocrx_word' id='word_1_632' title='bbox 265 4848 407 4955; x_wconf 67' lang='lat' dir='ltr'>datura.</span> <span class='ocrx_word' id='word_1_633' title='bbox 444 4901 483 4955; x_wconf 89' lang='lat' dir='ltr'>De</span> <span class='ocrx_word' id='word_1_634' title='bbox 510 4900 560 4953; x_wconf 88' lang='lat' dir='ltr'>hoo</span> <span class='ocrx_word' id='word_1_635' title='bbox 588 4902 678 4969; x_wconf 84' lang='lat' dir='ltr'>verbo,</span> <span class='ocrx_word' id='word_1_636' title='bbox 708 4899 780 4970; x_wconf 91' lang='lat' dir='ltr'>quod</span> <span class='ocrx_word' id='word_1_637' title='bbox 807 4917 869 4956; x_wconf 86' lang='lat' dir='ltr'>raro</span> <span class='ocrx_word' id='word_1_638' title='bbox 893 4916 955 4956; x_wconf 88' lang='lat' dir='ltr'>enm</span> <span class='ocrx_word' id='word_1_639' title='bbox 972 4897 1089 4966; x_wconf 89' lang='lat' dir='ltr'>simplici</span> <span class='ocrx_word' id='word_1_640' title='bbox 1106 4899 1201 4956; x_wconf 80' lang='lat' dir='ltr'>Aecus.</span> <span class='ocrx_word' id='word_1_641' title='bbox 1219 4915 1348 4968; x_wconf 84' lang='lat' dir='ltr'>personae</span> 
     </span>
    </p>
   </div>
   <div class='ocr_carea' id='block_1_10' title="bbox 1083 4983 1139 5037">
    <p class='ocr_par' dir='ltr' id='par_1_12' title="bbox 1083 4983 1139 5037">
     <span class='ocr_line' id='line_1_61' title="bbox 1083 4983 1139 5037; baseline -0.018 0"><span class='ocrx_word' id='word_1_642' title='bbox 1083 4983 1139 5037; x_wconf 75' lang='lat'>39*</span> 
     </span>
    </p>
   </div>
   <div class='ocr_carea' id='block_1_11' title="bbox 0 0 1684 5725">
    <p class='ocr_par' dir='ltr' id='par_1_13' title="bbox 0 0 1684 5725">
     <span class='ocr_line' id='line_1_62' title="bbox 0 0 1684 5725; baseline 0 0"><span class='ocrx_word' id='word_1_643' title='bbox 0 0 1684 5725; x_wconf 95' lang='lat' dir='ltr'> </span> 
     </span>
    </p>
   </div>
  </div>
 </body>
</html>
