3359 5725
343 601 405 664 688
744 591 859 658 CIRIS
881 614 912 656 v.
934 594 1117 657 322-333.

345 760 382 825 Si
403 762 520 843 nescis,
543 759 686 847 aliquam
705 782 837 846 possum
862 780 996 844 sperare
1018 756 1165 837 salutem,

345 843 457 909 Inseia
479 843 742 931 quandoquidem
764 842 869 907 scelus
893 864 928 906 es
950 850 1066 905 conata
1086 837 1276 903 nefandum:

344 925 403 991 Sin
425 936 485 1009 est,
507 926 594 1012 quod
615 937 732 1008 metuo,
755 948 814 1012 per
834 935 875 1009 te,
897 947 971 988 mea
992 923 1132 1005 alumna,
1154 932 1312 1007 tuumque

344 1010 527 1097 Expertum
549 1010 657 1074 multis
678 1010 818 1074 miserae
841 1007 921 1072 mihi
942 1007 1040 1072 rebus
1062 1028 1215 1087 amorem,
1477 1015 1524 1066 325

344 1093 488 1177 Perdita,
508 1116 608 1158 saeva
632 1115 749 1179 precor
771 1115 829 1179 per
852 1092 976 1156 lumina
996 1101 1028 1154 te
1049 1089 1210 1175 Ilithyiae‚

344 1176 394 1241 Ne
410 1187 536 1241 tantum
558 1178 592 1240 in
612 1178 738 1241 facinus
764 1188 830 1240 tam
854 1174 942 1239 nulla
964 1183 1070 1238 mente
1092 1173 1220 1237 feraris.

343 1259 418 1324 Non
440 1282 500 1345 ego
523 1270 554 1325 te
573 1261 703 1347 incepto
725 1292 766 1301 -
786 1259 858 1323 fieri
881 1256 968 1346 quod
989 1280 1052 1322 non
1075 1268 1213 1344 pote-
1235 1275 1339 1319 conor

343 1342 492 1407 Flectere
514 1365 634 1425 amore,
656 1366 761 1430 neque
783 1353 832 1407 cst
855 1365 927 1406 cum
950 1340 1000 1405 dis
1023 1338 1218 1404 contendere
1239 1348 1409 1419 nostrum3

344 1425 410 1490 Sed
431 1426 535 1513 patris
557 1425 712 1491 incolumi
734 1427 844 1514 potius
867 1424 1031 1489 denubere
1052 1445 1153 1509 regno
1477 1438 1521 1488 ³³⁰

344 1510 451 1596 Atque
473 1510 600 1597 aliquos
621 1520 731 1575 tamen
752 1532 824 1575 esse
845 1508 928 1573 velis
948 1507 1019 1589 tibi,
1041 1506 1182 1585 alumna,
1204 1513 1355 1592 penates.

344 1591 418 1657 Hoc
439 1596 537 1657 anum
556 1594 657 1658 exitio
680 1593 776 1659 docta
797 1603 895 1679 atque
914 1604 1052 1678 experta
1073 1588 1218 1655 monebo.

346 1674 441 1756 Quod
465 1677 494 1740 si
516 1699 581 1742 non
603 1676 669 1742 alia
690 1678 812 1764 poteris
830 1676 957 1741 ratione
979 1685 1148 1763 parentem

344 1881 552 1890 »κῇ-.-

338 2028 453 2097 patriae
468 2045 528 2099 opes
548 2029 600 2097 σᾶς
619 2029 666 2083 sed
685 2029 739 2083 alia
755 2028 884 2097 leguntur
901 2029 928 2082 in
942 2026 1026 2083 Codd.
1047 2026 1174 2096 (Helmst.
1192 2028 1221 2079 et
1234 2024 1285 2079 ud.
1302 2040 1347 2093 pr.
1365 2024 1457 2079 uncis
1470 2043 1514 2094 pu-

342 2096 397 2148 tria
408 2097 515 2165 praesit,
535 2095 620 2151 Rebd.
633 2097 825 2167 aaaispaeao
839 2098 968 2167 praesit),
987 2095 1058 2149 unde
1076 2094 1163 2162 Sillig.
1182 2093 1248 2148 fecit
1269 2095 1350 2153 Quae
1365 2094 1455 2147 anais
1507 2121 1513 2131 ·

343 2163 398 2214 trs'o
430 2181 484 2241 'rae
501 2164 545 2227 sr't,
565 2163 615 2218 hae
633 2164 691 2218 scil.
709 2167 849 2218 structura
860 2169 888 2219 et
900 2164 1047 2218 sententia:
1067 2164 1134 2230 „Aa
1144 2162 1239 2225 mere,
1256 2180 1331 2230 perae
1344 2162 1372 2229 (i
1386 2179 1411 2216 e.
1446 2110 1513 2221 adda

342 2246 414 2299 quan
455 2231 597 2285 momenti:
617 2231 725 2285 Ramsh.
745 2232 791 2287 Gr.
811 2232 871 2286 Lat.
906 2236 1004 2298 tat.)
1027 2231 1064 2284 sit
1083 2247 1216 2300 nuperae
1239 2230 1333 2282 aeaaia
1352 2230 1435 2298 (simp
1449 2228 1514 2281 'citer

342 2314 390 2366 pro
402 2316 436 2351 ea
449 2299 458 2366 [
481 2300 696 2421 urpuralpprae
704 2301 802 2370 patrio
814 2301 883 2370 eap'
922 2308 948 2367 ‚⁴⁴
974 2300 1007 2354 de
1022 2297 1185 2366 anastrophe
1197 2299 1290 2351 autem
1303 2295 1512 2365 Praepositioais

343 2381 426 2444 sppra
495 2383 519 2420 v.
539 2372 579 2423 55.
639 2371 709 2421 nott.
731 2369 845 2423 conferri
870 2368 953 2422 iubet.
989 2367 1041 2422 Sed
1066 2368 1138 2421 recte
1155 2365 1232 2419 Puta.
1251 2364 1268 2419 l.
1287 2365 1305 2418 l.
1325 2365 1399 2420 hane
1417 2367 1514 2418 anan·

344 2437 411 2487 nam
430 2438 488 2488 tam
508 2435 647 2489 obscuram
667 2440 695 2490 et
713 2436 855 2491 verborum
873 2435 1077 2505 explicationem
1094 2439 1153 2488 mm
1170 2432 1348 2486 artificiosam
1373 2436 1472 2494 censet,
1487 2433 1512 2482 ut

342 2501 450 2569 probari
468 2502 510 2555 rix
528 2503 621 2572 possit.
646 2504 733 2570 Quare
752 2522 812 2558 cnm
831 2503 1025 2558 recentioribus
1043 2502 1121 2557 editt.
1140 2502 1229 2555 wacta
1245 2517 1310 2580 spes
1330 2501 1511 2555 revocavimus

342 2599 375 2607 -
393 2567 458 2629 324.
480 2588 544 2639 per
565 2580 594 2625 te
611 2571 697 2640 Sillig.
724 2571 809 2627 edidit
850 2588 879 2625 ro
905 2571 980 2643 vulg.
995 2588 1048 2640 per
1065 2586 1119 2632 aee,
1145 2569 1312 2623 Gronovrum
1331 2571 1457 2629 secutus,
1475 2565 1512 2635 qui

343 2636 414 2689 hune
432 2637 520 2690 locum
539 2640 669 2694 tractavit
686 2640 721 2694 ad
736 2640 791 2693 Liv.
805 2590 904 2700 xlllx,
927 2643 966 2699 18,
998 2683 1014 2700 .,
1032 2642 1062 2690 ut
1076 2637 1180 2705 copula
1192 2653 1243 2705 pue
1261 2637 1400 2690 secundae
1413 2636 1511 2689 demun

343 2704 402 2757 voci
418 2703 535 2759 addatur
564 2710 625 2775 (per
642 2717 768 2788 taarnpue
797 2723 847 2777 pro
875 2724 979 2777 perque
1007 2707 1100 2786 tuam).
1135 2704 1196 2758 Vid.
1221 2720 1304 2772 supra
1328 2704 1366 2758 ad
1383 2721 1409 2758 v.
1429 2707 1468 2756 7⁹.
1488 2731 1508 2737 ν

342 2769 409 2831 325.
429 2772 479 2824 Er
510 2782 626 2836 artam,
645 2792 768 2904 passive,
798 2791 877 2843 queur
906 2792 956 2843 ego
980 2789 1080 2828 misera
1098 2780 1207 2840 experta
1224 2787 1295 2825 snm.
1332 2772 1397 2825 Vid.
1416 2771 1510 2824 aduott

343 2839 378 2892 ad
397 2839 451 2894 Ecl.
470 2841 482 2894 1
511 2846 575 2904 ,53.
596 2873 627 2880 -
667 2842 711 2904 26.
731 2844 819 2913 Vulgo
838 2843 895 2896 Per
915 2860 970 2910 me,
993 2850 1019 2896 et
1040 2859 1123 2895 caera
1143 2857 1246 2911 precor
1262 2857 1316 2909 per
1330 2840 1452 2909 stuariaa
1468 2836 1511 2892 112·-

343 2909 440 2976 tbpiaa
474 2908 560 2979 Sillig.
598 2911 695 2964 rimum
713 2929 744 2965 ex
765 2910 850 2965 eodd.
868 2911 982 2964 lectione
999 2909 1120 2963 Perdere
1142 2926 1224 2961 eaeva
1243 2909 1298 2971 (vel
1315 2912 1431 2973 scaeva)
1456 2907 1510 2960 lecit

343 2975 409 3042 Per,
428 2984 559 3044 temese,
578 2927 673 3033 deiude
691 2996 751 3033 eum
769 2979 906 3047 Scaligero
924 2979 979 3048 (qui
1001 2980 1140 3056 comparat
1159 2975 1350 3029 iusiurandum
1375 2994 1424 3045 per
1447 2996 1511 3045 qur·

343 3043 433 3113 φόρον
451 3060 495 3166 ap
511 3045 728 3115 Aristophanem)
747 3048 831 3102 edidit
850 3047 954 3101 laniae
970 3046 1101 3113 Ilithyeae
1118 3047 1146 3099 et
1159 3044 1192 3097 de
1205 3061 1254 3098 suo
1267 3043 1379 3098 addidit
1390 3043 1510 3116 Copulam

343 3120 376 3174 et,
396 3113 428 3163 ut
446 3130 469 3165 si
488 3130 497 3164 1
516 3114 696 3182 respondeant
714 3134 764 3184 que
779 3147 809 3156 -
825 3123 851 3168 et
869 3115 932 3181 (vid.
946 3114 980 3168 ad
994 3130 1018 3168 v.
1033 3114 1094 3180 tu),
1113 3115 1141 3166 et
1158 3115 1234 3166 totus
1251 3111 1330 3166 locus
1348 3113 1391 3166 ita
1407 3113 1444 3165 sit
1460 3127 1512 3164 oon

343 3180 502 3245 struendus;
518 3199 620 3251 precor
632 3192 666 3250 te,
682 3203 741 3237 raca
753 3185 879 3242 ulamau,
896 3200 1001 3252 perque
1017 3189 1092 3234 taam
1107 3197 1228 3233 aurorem
1240 3180 1310 3233 miti
1322 3183 1443 3234 meteres
1454 3177 1512 3232 mal·

342 3248 379 3299 tia
396 3250 475 3301 rebar
490 3258 629 3369 repertum
651 3261 677 3305 et
700 3269 784 3306 eaeoa
802 3270 858 3322 per
874 3250 979 3303 lamina
990 3249 1137 3319 Ilithyiae;
1156 3263 1232 3317 quae,
1250 3264 1420 3318 quamquain
1434 3248 1512 3301 nnus

343 3316 496 3382 placebant,
537 3334 601 3372 onec
613 3319 725 3373 meliora
738 3322 948 3389 repertaerant‚
968 3317 1033 3372 ferri
1050 3320 1122 3372 certe
1161 3319 1276 3379 oteraut,
1296 3316 1324 3369 in
1345 3333 1399 3396 qao
1418 3330 1512 3369 mecum

343 3384 480 3462 consentit
497 3384 575 3441 Piitz.
593 3386 612 3440 l.
630 3386 649 3440 1.
669 3387 747 3441 Nune
764 3392 857 3441 tamen
879 3403 938 3440 cum
957 3386 1062 3440 Ladew.
1081 3390 1109 3438 et
1128 3333 1256 3437 illnoisto
1274 3400 1367 3453 recepi
1384 3381 1513 3438 Ribbeckii

343 3454 521 3505 coniecturam
541 3453 658 3508 Peraea
669 3474 690 3507 s.
701 3474 729 3524 p.
765 3456 802 3508 .t.
819 3464 844 3506 ta
861 3454 897 3508 Il.
917 3455 978 3508 Hau
997 3457 1010 3506 t
1027 3452 1113 3508 edidit
1131 3451 1187 3504 Per
1208 3460 1234 3504 te
1250 3470 1336 3504 caera
1353 3470 1455 3522 precor
1468 3467 1513 3520 pa

342 3519 499 3587 luminaque
516 3519 697 3590 leaayaa-
751 3523 776 3582 7.
796 3522 922 3575 Editores
940 3538 976 3574 vu
1006 3521 1206 3588 oeoniuuguut
1222 3537 1255 3571 ae
1268 3521 1399 3588 aequaris
1416 3522 1446 3572 ia
1460 3527 1512 3570 tan·

343 3593 398 3636 tarn
410 3587 536 3664 [cartam
554 3589 601 3642 sed
614 3606 673 3642 cum
686 3593 765 3658 sapei
783 3591 812 3643 ia
829 3591 954 3658 adipeam
970 3607 1027 3643 rem
1043 3604 1096 3642 nou
1115 3587 1152 3640 sit
1167 3586 1304 3649 Latinum.
1326 3587 1419 3657 Sillig.
1432 3585 1512 3676 potins

342 3658 441 3706 tmesm
469 3656 569 3708 statuit
594 3657 668 3710 verbi
695 3658 814 3727 insequi,
845 3674 896 3727 qno
918 3660 999 3726 putat
1025 3657 1135 3724 poetam
1158 3654 1269 3708 reddere
1290 3655 1410 3709 voluisse
1427 3662 1511 3709 orrea

342 3721 356 3771 t
381 3723 469 3785 tuear,
489 3721 656 3791 ἐφέπεσθαι,
676 3725 693 3778 i.
713 3741 734 3779 e.
754 3730 915 3794 occupatum
933 3742 991 3780 esse
1007 3725 1035 3777 in
1053 3724 1192 3794 aliquare,
1210 3726 1332 3777 tractare
1352 3722 1454 3793 aliquid
1471 3719 1512 3784 (ei.

378 3791 447 3868 nott.
467 3789 502 3843 ad
514 3790 579 3845 Aen.
594 3791 630 3858 IL
650 3796 707 3846 561.
720 3792 767 3855 IX,
790 3796 848 3847 288.
862 3796 933 3856 ete).
968 3792 1020 3847 Sed
1038 3792 1087 3846 hoc
1105 3791 1184 3860 paulo
1205 3791 1359 3844 contortius
1378 3808 1437 3845 esse
1448 3788 1511 3869 pais

343 3873 393 3924 que
413 3856 495 3911 vrdet.
531 3859 619 3924 Quare
648 3875 709 3914 eum
733 3860 793 3914 Hau
814 3859 853 3914 tio
885 3865 912 3914 et
942 3859 1135 3930 posterioribus
1165 3858 1243 3912 editt.
1276 3861 1367 3928 recepi
1392 3858 1512 3925 &utrm

343 3925 524 3979 coniecturam
551 3928 665 3992 feraria.
701 3929 776 3982 Idem
795 3878 883 3997 bfflig.
912 3946 958 3998 pro
982 3928 1054 3998 vulg.
1072 3928 1198 3981 avellier
1216 3925 1303 3979 Codd.
1322 3927 1382 3980 suis
1400 3922 1512 3981 restituit

341 3993 437 4056 aella,
461 3995 530 4063 quod
553 3996 722 4050 retinuerunt
739 3997 899 4065 posteriores
929 3997 1054 4051 editores.
1089 3993 1324 4049 Patz.1.1.eum
1354 4003 1410 4048 tara
1442 3990 1511 4046 aaa

341 4070 427 4114 reserate
435 4064 549 4117 conferri
558 4064 634 4119 iubet
643 4064 732 4121 Plaut.
746 4064 851 4118 Cistell.
866 4064 903 4128 ΙΙ,
925 4070 946 4131 1,
965 4069 988 4118 4.
1006 4065 1046 4118 ita
1060 4062 1165 4116 nullam
1188 4062 1277 4114 animi
1294 4070 1409 4117 meatem
1424 4062 1510 4114 babto.

341 4129 479 4185 Heinrich.
502 4132 528 4184 in
553 4131 623 4187 Bibl.
650 4133 725 4188 Gott.
749 4132 781 4186 X.
800 4150 825 4201 p.
846 4136 886 4185 l'l.
908 4132 976 4185 coni.
992 4132 1084 4186 staua
1114 4162 1146 4170 -
1173 4128 1239 4189 331)-
1256 4129 1348 4198 Vulgo
1371 4139 1397 4184 te
1413 4130 1511 4189 ΝΜ

342 4196 413 4275 qnod
432 4199 502 4252 unde
520 4199 644 4267 pendeat,
662 4218 740 4254 nemo
778 4204 850 4254 otest
869 4200 970 4268 dicere;
989 4215 1071 4268 quare
1087 4198 1175 4268 siuig.
1194 4201 1267 4251 recte
1284 4198 1423 4257 revocavit
1435 4191 1511 4250 caet

342 4263 483 4344 lectionem
503 4270 643 4331 detractore,
663 4268 708 4337 qui
726 4218 803 4322 Indu.
822 4267 922 4337 pendet
934 4286 951 4322 a
963 4268 1043 4321 verbo
1060 4267 1136 4320 velia.
1167 4264 1243 4319 Idem
1257 4264 1305 4319 Vir
1317 4265 1403 4328 doct„
1419 4270 1511 4341 temere

341 4331 455 4385 haerens
473 4350 500 4385 ru
520 4336 607 4414 verbis
625 4335 735 4405 aliquae
749 4345 871 4406 periotes,
890 4336 993 4405 profert
1018 4335 1207 4410 coniecturam·
1253 4335 1259 4346 '
1278 4333 1342 4401 uid,
1362 4339 1394 4386 ut
1411 4329 1512 4400 auara

341 4417 397 4520 n
419 4406 671 4524 ortua.
685 4404 772 4526 ur
789 4405 867 4526 ue
1262 4399 1510 4538 ..ereum

342 4535 451 4589 modum
470 4554 511 4605 ap.
531 4539 584 4592 Cic.
603 4539 679 4592 Fam.
740 4579 746 4600 .
770 4544 807 4594 19.
826 4542 860 4594 ad
879 4542 915 4593 dt
932 4588 935 4594 ,
954 4540 1000 4604 lv,
1019 4545 1041 4593 2.
1060 4543 1088 4592 et
1105 4537 1187 4598 alibi;
1205 4553 1223 4590 a
1240 4553 1296 4605 qua
1313 4509 1408 4591 tamea
1431 4534 1509 4590 conu-

341 4609 420 4683 etura
437 4605 464 4656 iu
482 4609 636 4660 contextum
654 4608 806 4676 recipienda
823 4611 896 4663 reete
914 4606 1055 4662 abstinuit.
1077 4605 1127 4657 At·
1144 4624 1193 4658 aas
1204 4621 1265 4658 eum
1278 4605 1387 4673 Heynio
1400 4603 1508 4674 explico:

341 4671 445 4740 aliquos
464 4673 570 4734 saltem,
590 4692 642 4727 non
660 4677 766 4729 omnino
785 4677 884 4730 nullos.
899 4676 995 4730 -Pro
1012 4676 1094 4727 exaio
1139 4689 1198 4742 eyn.
1216 4672 1295 4726 unice
1313 4689 1408 4727 verum
1427 4671 1509 4726 censet

340 4741 445 4820 emitto,
472 4741 542 4809 quod
569 4743 669 4812 Haupt.
693 4746 801 4824 recepit.
838 4745 890 4800 Sed
908 4747 979 4798 reete
997 4742 1074 4796 rua.
1100 4759 1125 4810 p.
1148 4747 1187 4794 19.
1205 4740 1277 4808 vulg.
1303 4740 1447 4796 lectionem
1468 4736 1508 4790 de

341 4807 437 4871 fendrt,
456 4809 602 4864 dummodo
622 4811 733 4864 aritiam
750 4829 777 4865 ru
797 4813 949 4866 uuiversum
966 4827 1015 4878 pro
1033 4809 1131 4864 damno
1159 4807 1276 4870 miseria,
1295 4808 1455 4863 calamitate
1471 4820 1508 4858 ae·

341 4874 687 5009 retruderet
779 4881 865 5003 tu
883 4894 1036 5014 uter
1049 4894 1110 4997 u*
1123 4849 1337 5011 turtur·
1350 4875 1508 4998 eru

503 4978 558 4998 ·—
636 4962 970 5003 .orur.rmee'
1039 4962 1139 5012 ‚,p
1409 4961 1476 5003 mat

341 5040 445 5079 comam
465 5024 675 5078 abscindendam
693 5024 721 5077 et
739 5020 822 5074 Minoi
840 5014 1012 5079 tradendam)
1027 5010 1224 5081 progrediatur,
1241 5012 1336 5078 potius
1353 5012 1446 5066 omnia
1461 5008 1508 5062 ais
