3359 5725
305 582 366 644 202
500 611 508 626 =
657 581 692 647 P.
713 579 901 647 VERGHd
922 577 1120 644 MARONIS

305 743 512 809 Distulerant
531 781 573 792 —
594 754 629 810 at
651 754 686 811 tu
708 745 813 828 dictis,
834 745 972 828 Albane,
994 746 1161 811 maneres!
1184 782 1224 793 -

305 826 536 913 Raptabatque
558 828 621 892 viri
642 828 809 893 mendacis
830 829 960 894 viscera
977 828 1090 893 Tullus

305 910 369 975 Per
391 909 506 974 silvam
531 920 563 975 ct
582 912 690 1010 sparsi
710 911 869 978 rorabant
887 913 1044 997 sanguine
1066 933 1194 1060 vepres.
1428 924 1477 974 645

305 993 461 1058 Necnon
484 992 700 1080 Tarqumium
721 997 860 1060 eiectum
881 995 1051 1060 Porsenna
1072 996 1106 1060 iu
1130 994 1206 1060 ebat

305 1075 468 1162 Accipere
488 1076 676 1164 ingentique
697 1077 811 1143 urbem
834 1077 1005 1143 obsidione
1027 1077 1206 1163 premebat,

305 1157 481 1224 Aeneadae
500 1160 535 1224 iu
555 1160 676 1225 ferrum
722 1184 759 1227 ro
781 1161 932 1227 libertate
954 1160 1101 1226 ruebant

304 1240 400 1306 Illum
420 1241 604 1327 indignanti
626 1244 653 1308 si
690 1245 762 1309 'em
785 1243 987 1331 similemque
1006 1245 1143 1308 minanti

306 1323 492 1410 Aspieeres,
514 1335 644 1411 pontem
665 1326 799 1393 auderet
816 1328 894 1413 quia
913 1326 1032 1392 vellere
1055 1325 1170 1394 Cocles

308 1530 516 1544 m.

309 1700 334 1752 p.
353 1686 421 1747 440,
453 1684 500 1754 qui
523 1684 551 1737 in
569 1683 789 1764 inscriptionibus
806 1685 874 1739 vett.
895 1683 1002 1753 saepius
1020 1683 1148 1736 Mettium
1165 1699 1246 1752 qnam
1264 1684 1381 1736 Mettum
1398 1698 1480 1751 appa·

307 1766 365 1804 rere
374 1752 513 1807 memorat.
529 1751 616 1816 Quare
626 1754 708 1806 otram
719 1751 804 1807 Servii
812 1751 897 1806 Codd.
908 1752 947 1805 Re
968 1752 1003 1804 in.
1024 1750 1097 1818 Lips.
1108 1754 1136 1805 et
1144 1750 1229 1804 Paris.
1241 1751 1327 1805 secuti
1336 1764 1408 1804 nunc
1420 1766 1480 1804 cum

307 1818 435 1886 Hauptio,
445 1818 599 1882 Ribbeokio,
608 1819 822 1888 Ladew.,Wago.
833 1820 860 1872 in
872 1769 970 1874 reeenl.
981 1790 1054 1884 odit,
1062 1817 1188 1887 Coningt.
1200 1817 1362 1897 etBenoistc
1372 1817 1481 1897 scripsi·

308 1902 368 1939 mus
382 1885 505 1939 Maean.
517 1885 622 1942 Peerlk.
636 1887 797 1955 suspicatur,
811 1886 862 1942 hoc
873 1903 969 1943 nomen
985 1903 1037 1940 non
1048 1902 1106 1940 esse
1118 1902 1265 1966 proprmm,
1280 1885 1328 1939 sed
1338 1888 1481 1953 magistra·

307 1954 362 2020 tus,
387 1952 523 2007 aGraeco
542 1958 641 2019 Μῆτις
658 1953 852 2020 deducendum,
881 1956 913 2010 nt
931 1955 1029 2008 Media
1045 1954 1073 2007 in
1091 1954 1287 2007 Medectutiaos
1304 1969 1321 2007 a
1338 1953 1441 2018 Μῆδος
1460 1952 1483 2021 [i

308 2020 360 2075 vid.
379 2020 469 2087 potins
487 2020 598 2077 Teuffel.
616 2021 644 2076 in
663 2022 749 2091 Pauly
770 2022 944 2092 Reolencpcl.
962 2023 1009 2076 lv.
1030 2040 1057 2091 p.
1078 2021 1175 2088 17071,
1193 2036 1241 2089 pro
1253 2020 1374 2091 Foffstio
1391 2022 1482 2074 autem

308 2087 478 2168 scribendum
497 2105 555 2143 esse
573 2090 725 2211 1504041000,
743 2090 814 2169 quod
832 2091 978 2211 coquatum
996 2088 1033 2142 sit
1049 2087 1151 2142 Punico
1167 2087 1207 2142 aa
1229 2095 1299 2169 stes,-
1323 2103 1404 2157 quum
1421 2105 1482 2142 con-

308 2158 439 2210 iecturam
468 2157 548 2224 paulo
578 2173 612 2211 au
633 2158 747 2212 ociorem
775 2169 804 2212 m
823 2175 865 2213 me
884 2158 911 2211 io
931 2156 1123 2226 relinquamus.
1140 2186 1173 2195 -
1228 2157 1397 2210 retulerat.
1433 2156 1482 2209 Co·

308 2224 421 2291 nington
451 2223 556 2278 confert
573 2226 636 2280 Hor.
655 2225 741 2294 Epod.
759 2227 791 2294 V,
809 2230 851 2280 00.
881 2224 1030 2295 [ioseprrlta
1056 2225 1176 2277 meram
1204 2224 1332 2292 different
1358 2224 1421 2292 lupi
1444 2224 1483 2277 Et

308 2290 473 2360 Esquilinae
491 2292 579 2362 alites]
598 2297 627 2346 et
645 2291 791 2362 διαφέρειν
807 2310 851 2363 ap.
868 2292 964 2347 Aesch.
983 2291 1048 2345 cuo.
1067 2294 1107 2345 08.
1126 2320 1156 2329 -
1175 2288 1241 2351 643.
1270 2298 1304 2344 at
1329 2298 1364 2343 tu
1379 2292 1483 2345 dictis

308 2358 522 2413 munerasti.
542 2376 563 2416 e.
582 2361 630 2414 illo
647 2361 705 2429 ipso
724 2363 854 2429 temporo,
872 2377 925 2431 quo
943 2361 971 2414 te
989 2360 1050 2430 equi
1067 2358 1240 2422 distulerunt,
1259 2374 1367 2412 manere
1386 2358 1482 2420 vellcs;

309 2442 361 2480 non
390 2426 493 2481 stetisti
526 2427 616 2492 dictis,
647 2432 677 2483 et
701 2431 760 2483 tum
780 2428 875 2483 malles
893 2427 1009 2482 stetisse.
1045 2428 1085 2481 De
1103 2443 1155 2495 quo
1174 2425 1330 2493 Imperfeeti
1347 2442 1407 2490 usu,
1439 2425 1483 2479 ubi

308 2494 373 2547 Plus
393 2497 605 2562 uamperlectom
635 2513 679 2550 eas
700 2496 838 2563 solmeria,
868 2496 921 2550 vid.
950 2496 985 2550 ad
1001 2494 1051 2561 III,
1071 2496 1126 2549 107.
1156 2493 1217 2557 VII,
1236 2496 1293 2548 008.
1312 2495 1340 2547 et
1359 2493 1407 2555 XI,
1428 2496 1483 2548 150.

309 2564 337 2617 et
388 2578 450 2630 agn.
469 2562 518 2628 Qu.
537 2564 617 2618 Ver.
711 2564 772 2628 VII,
791 2570 815 2618 ’1.
851 2563 978 2619 Ceterum
1007 2562 1040 2618 cf.
1058 2562 1096 2623 Il,
1117 2564 1172 2615 100.
1198 2560 1344 2631 promecas
1364 2578 1482 2623 moneas,

308 2629 400 2698 ibique
428 2630 533 2684 adnott.
569 2632 721 2700 Conington
749 2631 852 2701 duplici
881 2631 985 2686 ratione
1013 2628 1131 2693 explicat
1147 2630 1197 2682 sut
1214 2644 1341 2691 „manere
1359 2628 1483 2691 debebas,

309 2698 414 2750 utmam
432 2701 574 2752 maneres‘
593 2699 662 2767 (0011.
682 2699 772 2754 adnot.
791 2699 825 2753 ad
844 2699 891 2763 lv,
902 2701 960 2752 010.
979 2697 1164 2764 00111102),
1183 2698 1232 2752 aut
1250 2695 1295 2760 „si
1311 2696 1402 2762 scires,
1421 2695 1484 2765 qnid

309 2764 359 2817 tibi
378 2768 535 2818 eventurum
555 2769 634 2831 esset,
654 2771 794 2821 maneres“
814 2765 884 2832 (coll.
904 2764 1185 2828 0011010011435.
1207 2765 1352 2833 Aspiocres
1370 2764 1483 2830 mima,

311 2832 452 2894 marma,
485 2833 580 2888 mitior
598 2837 732 2900 00000).-
755 2832 821 2896 644.
853 2833 1034 2904 Raptabat.
1069 2831 1111 2887 Gi.
1128 2832 1151 2900 I,
1169 2834 1229 2887 483.
1248 2832 1482 2892 -mcadacis,

309 2900 411 2969 perfidi.
435 2932 464 2940 -
482 2899 547 2962 645.
573 2918 693 2973 vepres
723 2903 890 2971 sanquine
917 2920 932 2955 s
960 2903 1035 2955 arsi
1063 2900 1107 2966 (01.
1131 2900 1485 2970 decemremem

309 2983 406 3036 genere
423 2968 549 3025 Ruddim.
568 2970 591 3024 1.
609 2987 635 3038 p.
655 2974 696 3023 41.
714 2972 770 3024 not.
789 2973 830 3023 22.
854 2972 882 3024 et
901 2969 934 3023 Sc
973 2968 1053 3024 eider.
1071 2968 1117 3023 Gr.
1136 2968 1195 3022 Lat.
1216 2967 1251 3030 11,
1273 2970 1296 3020 1.
1316 2985 1342 3036 p.
1360 2971 1482 3032 95100-

308 3037 442 3090 rabant.
466 3036 523 3116 'Sic
542 3036 619 3092 Ovid.
638 3038 705 3092 Met.
724 3037 850 3118 1116ὃο
869 3037 902 3091 de
919 3038 1011 3095 nautis
1028 3038 1056 3090 in
1073 3035 1213 3104 delphinos
1233 3035 1362 3115 mutatisz
1386 3035 1483 3088 multo-

309 3105 556 3250 tistitus?
571 3113 705 3228 ,titt
721 3101 1483 3250 01002010020004400401111

312 3242 370 3319 tat:
403 3239 549 3303 „Ioedrtas
575 3239 723 3320 spectaculi
740 3239 775 3294 ad
792 3242 917 3294 nostrum
928 3256 1053 3320 'sensum'
1063 3239 1173 3318 ingrata
1188 3239 1291 3317 asperis
1307 3241 1335 3292 et
1351 3237 1483 3336 glaciato-

309 3307 988 3455 0004’,0000000000010
1005 3305 1277 3454 amicust
1296 3307 1483 3428 ..0...1

310 3442 375 3493 Hor.
394 3440 504 3495 Coclitis
522 3443 551 3494 et
567 3441 682 3497 Gloslrae
700 3442 812 3496 facinori
831 3457 864 3494 us
890 3442 1080 3496 celeberrimis.
1115 3441 1156 3496 Ol,
1175 3441 1234 3494 Lrv.
1252 3440 1290 3500 11,
1308 3445 1323 3493 9
1342 3457 1401 3510 sqq.
1424 3439 1483 3494 Non

310 3510 411 3562 temere
440 3509 531 3562 autem
549 3509 645 3577 Wagn.
663 3512 803 3573 memorat,
834 3509 914 3562 nimis
932 3509 1068 3563 disiuncta
1087 3507 1131 3561 hic
1148 3509 1256 3587 poetam
1275 3507 1423 3575 copulasse,
1453 3509 1484 3559 ut

310 3575 392 3630 etiam
411 3576 443 3641 V,
461 3578 510 3628 252
529 3592 589 3645 sqq.
616 3606 643 3613 ·-
661 3576 846 3631 Porsenae.
881 3575 924 3630 Sic
972 3577 1064 3630 lnrimi
1081 3575 1192 3643 Vergilii
1210 3574 1291 3629 Godd
1321 3590 1418 3629 nomen
1441 3591 1482 3628 ex·

310 3642 402 3696 hibere
420 3641 552 3706 videntur,
580 3659 647 3713 quos
666 3644 747 3697 metri
766 3659 926 3698 causacum
981 3660 1042 3712 ago.
1062 3647 1170 3698 secutus
1189 3659 1257 3707 snm,
1276 3658 1440 3712 quamquam
1456 3641 1482 3695 in

310 3709 429 3779 pedestri
458 3710 578 3763 oratione
607 3709 721 3765 alteram
748 3710 865 3765 formam
883 3711 1010 3765 Porsena
1037 3709 1241 3779 praeferendam
1270 3725 1373 3774 censeo,
1421 3725 1483 3763 uam

310 3777 393 3832 etiam
411 3777 482 3846 opud
499 3779 592 3846 poetas
609 3778 744 3833 interdum
763 3779 864 3848 dactyli
885 3795 1037 3833 mensnram
1054 3778 1153 3832 habere
1176 3782 1239 3846 post
1256 3776 1376 3831 Serrium
1402 3726 1483 3830 docet

309 3846 360 3899 We
398 3886 414 3909 .,
444 3844 504 3899 coll.
532 3844 614 3899 Mart.
632 3845 654 3908 I,
682 3849 721 3900 22.
752 3844 817 3901 Silio
834 3846 911 3909 VIII,
931 3850 988 3902 301.
1008 3850 1065 3901 400.
1095 3847 1128 3911 Χ,
1148 3848 1206 3900 404.
1225 3848 1282 3898 502.
1315 3845 1379 3898 Hor.
1398 3844 1481 3912 Epod.

309 3913 380 3978 XV,
399 3917 423 3966 4.
455 3915 483 3967 et
509 3911 655 3966 Niebuhrio
683 3914 763 3967 11000.
788 3913 884 3969 Gescb.
904 3914 961 3969 Vol.
981 3913 1003 3968 1.
1023 3916 1077 3967 not.
1100 3918 1170 3966 1107.
1204 3915 1232 3966 et
1252 3916 1324 3966 1200.
1361 3915 1483 3966 Porsena

309 3980 337 4034 in
355 3980 432 4036 Rom.
461 3979 573 4049 aliisque
602 3980 686 4035 (10001.
718 3981 834 4051 legitnn
865 3980 911 4034 sed
928 3981 1072 4035 Porsenna
1100 3980 1183 4034 etiam
1212 3995 1255 4047 ap.
1275 3978 1405 4034 Servium.
1440 3978 1481 4057 (11.

309 4049 419 4103 bachin.
436 4047 471 4102 ad
488 4047 565 4104 Lacr.
584 4048 607 4112 1,
627 4051 684 4104 360.
703 4066 730 4118 p.
749 4054 788 4105 ³7.
809 4079 840 4090 -
859 4047 924 4109 047.
953 4049 1088 4102 iubebat
1105 4047 1271 4117 Accipere
1298 4063 1346 4115 pro
1365 4046 1483 4114 pedestri

310 4116 415 4186 decipi.
451 4116 513 4170 Vid.
531 4115 565 4170 ad
584 4116 639 4174 Ecl
658 4116 704 4181 VI,
724 4122 764 4173 85.
785 4119 813 4172 et
831 4115 868 4170 al.
904 4117 943 4169 De
972 4115 1073 4170 crebris
1102 4114 1181 4168 huius
1212 4131 1306 4168 versus
1328 4113 1484 4168 elisionibus

309 4182 751 4249 0101.0(14011.Π,04.-048.
782 4186 974 4248 Aeneadae,
994 4182 1115 4246 Romani.
1151 4181 1303 4243 Vidadl,
1324 4185 1380 4235 151.
1399 4181 1484 4232 -a'o

309 4252 435 4372 {errem
454 4252 605 4305 ruebant.
629 4252 673 4307 Sic
691 4252 745 4306 iam
763 4250 827 4306 Geo.
846 4251 884 4313 11,
903 4255 962 4305 503.
997 4250 1073 4304 Idem
1091 4253 1134 4304 est
1153 4251 1183 4302 in
1200 4248 1298 4302 bellum
1315 4265 1396 4301 rime
1413 4247 1486 4301 inira

324 4318 358 4384 X,
381 4319 436 4372 182.
468 4318 561 4371 ettal.
581 4319 810 4372 -obaa'dioae
834 4319 1014 4387 premebat.
1049 4317 1091 4370 Cf.
1110 4316 1160 4378 III,
1180 4320 1218 4371 52.
1238 4319 1265 4371 et
1282 4316 1330 4377 IX,
1349 4318 1408 4369 598.
1445 4316 1485 4369 De

310 4383 526 4438 homoeoteleuto
556 4385 666 4439 iubebat
683 4414 694 4425 ·
707 4386 851 4455 premebat
875 4386 927 4439 vid.
947 4385 981 4440 ad
999 4385 1046 4449 IV,
1065 4388 1121 4439 250.
1140 4414 1173 4422 -
1191 4383 1256 4443 649.
1287 4382 1487 4451 iodipacota'

309 4453 467 4512 similem,
484 4452 696 4522 similemque
713 4454 865 4508 minanti.
901 4453 961 4506 Vid.
979 4452 1087 4509 adEel.
1105 4452 1152 4512 lv,
1170 4456 1194 4505 0.
1224 4453 1290 4505 Aen.
1309 4450 1370 4517 vll,
1390 4454 1432 4506 15.
1451 4450 1486 4504 al.

310 4522 436 4576 Ceterum
453 4518 487 4573 cf.
506 4518 587 4573 etiam
607 4521 638 4586 V,
658 4524 716 4575 254.
734 4521 878 4576 aestuanti
892 4520 998 4575 0001100.
1016 4550 1048 4559 -
1067 4518 1131 4580 41ὀο.
1151 4520 1343 4589 Aspiceres.
1371 4517 1431 4573 Vid.
1451 4517 1485 4571 ad

309 4588 357 4650 lV,
376 4591 445 4649 401,
475 4586 521 4639 nbi
541 4603 593 4640 non
613 4586 742 4642 debebam
761 4589 886 4642 omittere
903 4588 1037 4642 Drakenb.
1057 4587 1091 4640 ad
1109 4586 1205 4640 Silium
1223 4587 1255 4649 V,
1275 4589 1335 4639 210.
1358 4615 1386 4624 -
1406 4586 1488 4665 quio

330 4674 359 4710 ro
388 4655 461 4724 vulg.
492 4658 570 4723 quod
592 4670 623 4708 ex
641 4656 764 4711 omnibus
783 4656 838 4711 fere
856 4655 939 4710 Oodd.
959 4671 1018 4708 cum
1037 4654 1113 4708 Iahn.
1132 4654 1161 4708 et
1179 4654 1274 4722 Wagn.
1293 4668 1485 4707 revocavimus.

310 4675 503 4847 1111211111
510 4722 746 4844 filimi
760 4722 1123 4859 {stiterimus
1131 4720 1418 4859 titubasti
1427 4720 1487 4842 tt

312 4860 340 4913 id
357 4859 446 4915 lacere
464 4830 653 4922 0140000100,
685 4859 831 4940 qnodque
855 4859 890 4912 ab
906 4874 959 4912 uno
977 4858 1083 4912 homine
1100 4828 1231 4924 impetum
1249 4828 1425 4910 Etrusco’rum
1445 4872 1486 4910 re·

312 4927 537 5055 v
576 4925 720 5064 usu
749 4923 1488 5063 ...0...0

474 5011 584 5050 oausam
715 5033 723 5065 ,
752 5012 821 5066 quea
898 5011 912 5049 0
960 5011 974 5048 r
