3359 5725
530 576 763 644 AENEIDOS
786 579 871 645 LIB.
892 581 966 646 VII.
1287 595 1328 656 67

148 735 341 821 Tyrrhidae
389 741 459 804 ueri
480 761 574 825 quem
596 746 712 810 matris
735 744 777 810 ab
798 745 900 811 ubere
921 758 1052 834 raptum

148 818 332 885 Nutribant
381 822 568 969 frrhuaque
587 837 694 925 pater,
716 830 769 893 cui
789 831 882 915 regia
904 842 1020 917 parent
1273 847 1323 898 405

147 901 310 969 Armenta
329 915 361 969 et
394 915 446 971 ate
467 910 618 975 custodra
639 911 765 976 credita
787 915 903 998 campi.

147 984 332 1051 Adsuetum
356 990 503 1077 imperiis
527 1016 620 1059 soror
642 996 730 1059 omni
752 994 857 1059 Silvia
877 1019 957 1061 cura

148 1067 308 1134 Mollibus
330 1073 479 1137 intexens
504 1076 643 1142 ornabat
664 1100 786 1143 cornua
809 1081 905 1144 sertis

148 1151 375 1240 Peetebatque
396 1156 500 1221 ferum
522 1182 669 1247 puroque
689 1162 723 1225 in
744 1162 832 1226 sonte
853 1156 995 1228 lavabat

145 1234 206 1299 Ille
227 1259 362 1302 manum
381 1241 513 1339 patiens
534 1265 729 1328 mensaeque
749 1244 904 1310 adsuetus
926 1245 1019 1311 herili
1270 1263 1320 1312 400

144 1317 294 1385 Errabat
316 1321 407 1389 silvrs
427 1346 605 1412 rursusque
626 1326 669 1391 ad
691 1326 805 1392 limina
824 1338 903 1393 nota

144 1400 221 1488 Ipse
243 1403 374 1470 domum
398 1429 472 1472 sera
493 1411 642 1494 quamvis
665 1433 700 1475 se
721 1421 816 1476 noete
836 1411 971 1478 ferebat.

145 1671 237 1740 Hcya
255 1670 352 1740 Wagn.
370 1673 511 1740 praeterea
527 1672 642 1727 conferri
658 1675 734 1728 iubet
750 1675 915 1731 Wernsdorf.
933 1677 966 1731 ad
987 1677 1062 1732 Pau.
1081 1677 1141 1732 Lat.
1160 1678 1226 1731 Min.
1247 1679 1320 1732 Tam.

146 1739 212 1819 Lp.
234 1743 291 1794 348.
312 1771 346 1779 -
363 1741 523 1794 coraibus
550 1741 666 1810 inpane
692 1759 741 1812 pro
770 1743 890 1812 pedestri
918 1746 1070 1812 tepentibus
1098 1746 1226 1798 coraibus
1248 1751 1321 1800 recte

146 1807 200 1861 dict
229 1810 345 1877 poterat,
376 1824 437 1861 cnm
464 1825 566 1863 cornua
594 1809 650 1862 sint
667 1826 755 1872 causa,
785 1828 833 1865 cur
853 1811 948 1880 Ingens
968 1812 1019 1867 diei
1038 1813 1125 1882 possit
1142 1829 1242 1867 cervus.
1278 1813 1319 1867 cf.

146 1876 250 1928 similes
276 1874 389 1940 locosl,
415 1879 455 1929 86.
485 1876 533 1941 IX,
555 1880 609 1931 103.
640 1878 820 1941 10120000.
842 1879 960 1941 -484,
992 1881 1181 1948 Tyrrhidae
1234 1881 1318 1945 ueri,

147 1943 253 2022 quai
275 1941 342 2021 filii..
360 1944 405 2011 qui
422 1947 517 2023 pastor
536 1944 589 1997 1010
607 1945 674 2013 regii
692 1947 806 2025 armenti
821 1947 848 1999 in
867 1963 932 2016 agro
949 1947 1121 2011 Laurentino,
1152 1900 1228 2017 apud
1241 1964 1318 2017 quem

145 2011 260 2064 Lemnia
278 2009 391 2064 Sdrrum
420 2027 497 2065 curra
514 2016 563 2066 cst.
599 2012 640 2066 cf.
660 2013 723 2066 Aur.
742 2013 842 2070 Victor.
861 2014 894 2068 de
912 2013 942 2069 0.
962 2015 993 2070 G.
1011 2016 1044 2070 R.
1062 2032 1084 2069 c.
1107 2018 1144 2070 10,
1164 2018 1192 2069 00
1209 2016 1276 2068 Dion
1297 2034 1317 2070 s.

143 2078 206 2132 Hal.
226 2079 249 2144 I,
269 2082 309 2130 70.
344 2078 385 2132 De
415 2079 590 2146 productione
609 2081 635 2132 Τ
652 2081 764 2134 rrtidac
790 2081 843 2135 vid.
862 2082 896 2135 ad
913 2083 950 2146 II,
969 2086 1009 2136 82.
1029 2111 1061 2121 -
1078 2081 1143 2143 485.
1173 2082 1259 2137 Prov
1290 2100 1317 2150 g.

143 2145 287 2214 Tyn-teus
303 2144 602 2208 ned.,Bern.11.111.
650 2148 665 2160 ”“
684 2148 728 2201 hic
745 2150 773 2202 00
789 2166 815 2203 r.
828 2153 885 2204 508.
901 2151 1013 2220 Tprrua,
1033 2149 1058 2202 fr
1124 2150 1214 2215 ‚Vat.,
1232 2150 1317 2214 Rom,

143 2212 226 2276 Gud.,
257 2211 358 2281 aliique
375 2213 458 2269 codd.
489 2214 619 2270 Diomed.
632 2232 658 2284 p.
678 2219 735 2269 341.
755 2216 796 2280 Ρ.,
829 2218 916 2287 Asper
945 2218 973 2270 in
1003 2217 1089 2271 Scho.
1120 2218 1183 2271 Ver.
1214 2234 1239 2286 p.
1276 2221 1317 2282 98,

144 2285 185 2335 11.
215 2281 249 2334 K
280 2281 309 2333 00
336 2281 444 2335 Servius
475 2283 611 2350 Tyrrhus,
641 2283 712 2351 quod
733 2284 837 2338 Peerlk.
868 2288 1007 2354 praestare
1033 2288 1132 2351 censet,
1163 2285 1224 2339 coll.
1254 2285 1318 2338 Aur.

142 2348 226 2411 Via,
254 2349 271 2402 l.
300 2346 317 2399 1.
348 2348 396 2402 ubi
423 2351 516 2428 pastor
542 2349 589 2402 1110
622 2349 746 2417 Tyrrhus
773 2355 884 2405 vocatur
914 2355 956 2418 (ut
979 2353 1061 2406 etiam
1089 2370 1131 2431 ap.
1155 2352 1232 2406 Dion.
1258 2351 1275 2406 l.
1299 2351 1316 2404 1.

142 2416 218 2484 Sylb.
241 2414 342 2539 0er
365 2416 460 2482 edidit)
467 2437 474 2480 ;
504 2417 627 2486 quodque
650 2421 794 2487 propterea
823 2435 895 2473 nunc
925 2436 986 2474 cum
1009 2420 1137 2488 Hauptro,
1163 2418 1316 2485 Ribbeckio,

141 2483 258 2564 Laden,
324 2500 386 2563 agn.
412 2483 450 2551 (in
475 2488 575 2538 recent.
601 2485 677 2550 edit.)
708 2488 736 2539 et
761 2486 890 2540 Benoisto
919 2486 1075 2555 recepimus.
1106 2487 1191 2554 Bryce
1208 2490 1240 2565 ,00
1268 2487 1317 2539 Co-

140 2555 270 2675 1000.
287 2552 855 2700 ratisponenses
879 2554 981 2700 000
1005 2552 1318 2675 1000000

139 2704 210 2742 rum.
247 2686 287 2741 De
316 2703 368 2740 usu
387 2687 541 2741 Praesentis
566 2704 594 2741 m
622 2688 752 2741 eiusmodi
779 2688 845 2742 Iocls
874 2689 928 2742 ard.
952 2689 986 2741 ad
1004 2689 1040 2754 11,
1061 2693 1118 2742 275.
1138 2693 1194 2742 482.
1219 2692 1247 2741 00
1260 2639 1315 2755 iv,

140 2758 200 2808 228.
221 2785 255 2792 -
272 2753 339 2814 486.
370 2754 440 2808 1000
459 2779 463 2820 j
479 2755 607 2816 weitkiat.
644 2755 688 2808 Sic
734 2756 826 2809 lurimi
843 2755 927 2810 Ccdd.
950 2757 1072 2825 interque
1091 2774 1135 2810 eos
1153 2755 1227 2812 Med.
1246 2771 1262 2808 a
1280 2773 1314 2809 m.

140 2839 206 2886 see,
224 2822 383 2878 (iudam.
400 2840 452 2892 pr,
500 2838 555 2876 em.
574 2823 610 2877 II.
627 2822 689 2888 111,
748 2840 824 2893 enag.
843 2825 875 2890 I.,
894 2824 959 2879 item
975 2824 1095 2886 Servius3
1124 2823 1196 2877 Med.
1224 2826 1315 2877 tamen

140 2907 206 2945 am.
219 2908 270 2959 pr.,
285 2890 357 2945 Gud.
371 2907 388 2945 a
401 2909 435 2947 m.
449 2907 509 2955 sec,
523 2891 621 2960 fragm.
634 2893 696 2944 Vat.
712 2896 740 2946 et
757 2893 829 2953 Ver..
849 2892 925 2946 Rom.
939 2892 1043 2962 duoque
1055 2892 1153 2946 Pariss.
1173 2892 1233 2954 lati,
1265 2891 1316 2944 uod

140 2958 218 3013 Iahn.
239 2975 300 3012 cum
318 2958 429 3012 Heinsio
448 2959 557 3027 recepit,
587 2959 669 3012 ceteri
693 2975 755 3012 vcro
773 2960 935 3014 recentiores
953 2961 1008 3013 iure
1026 2977 1054 3013 re
1074 2960 1209 3013 udiarunt.
1272 2975 1315 3011 aru

140 3027 232 3096 aptior
250 3031 292 3079 est
309 3026 397 3079 altera
413 3026 503 3087 lectio,
534 3027 609 3079 cuius
632 3025 703 3079 hunc
722 3044 829 3080 sensum
850 3044 907 3081 csse
926 3027 1006 3080 docet
1063 3042 1137 3095 apa:
1168 3041 1315 3094 „quocum-

140 3111 192 3163 que
211 3096 241 3148 00
258 3093 414 3173 0000111000
432 3093 544 3162 patebat
562 3110 681 3214 0001300,
708 3094 831 3148 custodia
849 3095 906 3148 eius
924 3094 965 3147 illi
982 3093 1083 3173 credita
1101 3094 1180 3170 cst;}‘
1211 3108 1317 3210 001010ος

139 3178 205 3215 raus
236 3163 320 3215 etiam
345 3161 418 3215 infra
435 3177 461 3214 r.
480 3165 537 3217 101.
574 3162 618 3228 (Vr
639 3203 645 3216 .
665 3162 747 3215 ctiam
765 3162 918 3215 Hoffmann.
938 3162 956 3213 1.
974 3161 1003 3223 l.)
1038 3161 1099 3214 Aha
1116 3161 1185 3212 ratio
1206 3161 1248 3212 cst
1275 3174 1316 3210 oc1

138 3228 217 3292 VIII,
236 3230 270 3293 8.,
303 3229 351 3281 ubi
380 3228 434 3282 vid.
456 3227 560 3283 aduott.
580 3261 612 3269 -—
630 3231 770 3282 eredita.
805 3229 924 3282 Verbum
943 3228 1152 3288 substantivum,
1183 3225 1254 3295 quod
1273 3226 1316 3278 hic

139 3295 329 3349 desideramus
356 3294 402 3360 (cf.
431 3312 463 3350 su
482 3312 513 3350 ra
539 3296 642 3350 adnott.
672 3295 707 3349 ad
737 3313 760 3349 v.
780 3299 843 3358 510,
874 3295 932 3349 0001
954 3295 1180 3348 causaomissurn
1200 3293 1315 3355 videtur,

138 3380 200 3418 cum
231 3363 344 3417 auribus
361 3379 415 3417 non
470 3363 579 3417 modurn
596 3366 704 3432 gratum
723 3366 807 3418 essct:
834 3364 953 3417 luteast
970 3365 1122 3416 custodia.
1159 3360 1201 3414 Cf.
1221 3361 1270 3414 Wa
1311 3401 1316 3412 .

139 3432 188 3497 Qu.
208 3431 266 3484 Ver
287 3475 292 3485 .
310 3430 370 3497 XV,
392 3436 415 3485 4.
439 3435 527 3486 0010.
547 3430 660 3490 -481
694 3434 865 3497 adsuetam
893 3429 1056 3500 imperite.
1092 3427 1315 3490 cf.Plin.V11‚

141 3504 164 3567 1,
186 3503 208 3553 1.
240 3499 270 3551 E
316 3500 397 3551 hecti
423 3499 491 3553 iacet
517 3499 695 3569 imperiorum
722 3499 876 3554 cteda'eatia
896 3501 923 3552 00
940 3514 1022 3578 supra
1040 3497 1074 3551 ad
1092 3514 1116 3550 v.
1136 3500 1192 3549 210.
1211 3495 1315 3549 adnott.

138 3584 310 3632 -aoror,
340 3566 398 3621 scii
434 3582 585 3634 puerorum,
615 3566 712 3634 'Iprrhi
742 3567 807 3620 filia.
828 3596 863 3606 -
886 3565 1006 3619 801000.
1050 3565 1157 3619 Servius
1189 3564 1314 3616 adnotat:

140 3636 262 3698 „bonum
292 3633 399 3702 puellae
429 3634 545 3687 rusticae
574 3650 671 3688 nomen
699 3634 865 3697 formavit;“
894 3633 941 3687 sed
966 3633 1126 3700 Conington,
1158 3646 1316 3684 samareus

138 3704 226 3757 Reum
244 3701 358 3755 Silvium
389 3703 416 3754 et
433 3701 545 3756 Silvium
569 3702 695 3766 Aeneam,
725 3718 822 3755 nomen
851 3702 957 3754 omnino
987 3717 1047 3753 eum
1078 3699 1191 3768 antiqua
1219 3649 1317 3752 italiae

138 3770 259 3824 historia
286 3769 457 3823 coniunctum
489 3769 572 3823 fuisse
600 3772 672 3822 recte
696 3772 836 3822 memorat.
855 3799 887 3807 -
908 3767 975 3829 488.
1007 3768 1159 3820 intexens
1189 3782 1317 3819 000000

137 3839 252 3891 sertia.
289 3835 350 3889 Vid.
376 3835 411 3889 ad
430 3836 542 3897 100111,
561 3839 603 3893 40.
639 3836 758 3890 Iteratur
777 3835 821 3888 hic
838 3852 931 3889 versus
948 3836 974 3888 in
993 3835 1077 3887 Anth.
1095 3834 1155 3887 Lat.
1174 3833 1196 3897 1,
1216 3838 1255 3895 14,
1278 3835 1315 3884 18.

137 3936 171 3945 -
190 3904 259 3966 480,
289 3904 515 3973 Peetebatqae
540 3906 592 3957 etc.
627 3902 670 3957 810
688 3920 730 3972 ap.
749 3904 846 3957 Silium
862 3903 939 3966 XIII,
959 3905 1013 3956 122.
1032 3902 1103 3955 hunc
1120 3901 1209 3954 locum
1226 3900 1317 3952 inrita·

137 3977 199 4027 turn
231 3971 348 4040 legimus
368 3973 477 4025 Aarato
506 3978 606 4026 neatrec
634 3979 757 4025 cantatae
781 3971 890 4041 pectine
912 3971 999 4022 mitem
1020 3971 1147 4033 (cervam)
1167 3968 1278 4019 Comere
1294 3973 1319 4016 ct

137 4041 265 4094 haerenti
276 4040 368 4107 flavio
385 4057 517 4093 revocare
535 4040 660 4093 colorem.
679 4070 713 4078 —
723 4044 850 4108 seram.
870 4037 930 4091 Vid.
953 4037 987 4089 ad
1005 4037 1042 4102 11,
1061 4041 1102 4089 51.
1117 4065 1149 4072 -
1167 4031 1230 4093 490.
1250 4050 1317 4110 000·

137 4107 293 4163 000010.
310 4125 450 4169 manuum,
481 4109 513 4161 ut
530 4107 577 4169 VI,
596 4109 654 4160 653.
678 4109 788 4161 canam
808 4122 857 4174 pro
875 4122 1012 4158 curruum.
1048 4103 1091 4158 Sic
1108 4117 1179 4154 nunc
1198 4101 1317 4154 Seruum

138 4180 166 4230 et
187 4175 291 4244 fragm.
311 4173 378 4230 Bcb.
398 4173 431 4229 de
448 4190 519 4229 nom.
540 4178 568 4228 ct
586 4190 660 4242 pron.
680 4179 719 4229 39.
739 4191 765 4243 p.
786 4177 842 4229 137.
862 4174 971 4226 secutus
990 4186 1051 4224 cum
1068 4167 1180 4234 Thielic,
1210 4167 1317 4221 Ladew.

139 4248 169 4297 et
185 4242 326 4310 Wagnero
356 4246 457 4296 statuo.
492 4241 581 4303 Prius,
612 4242 671 4296 coll.
703 4242 828 4296 Lactant.
861 4242 972 4309 Argum,
1003 4237 1069 4291 Met.
1101 4236 1179 4291 Ovid.
1198 4236 1258 4299 VII,
1281 4239 1319 4289 13.

140 4312 273 4364 aalma
290 4310 442 4364 indomitas
463 4328 497 4362 ac
514 4310 617 4363 leonem
636 4328 745 4362 manum
760 4309 825 4379 pati
844 4308 931 4377 coepit
948 4305 1006 4371 (ubi
1022 4305 1076 4358 vid.
1088 4304 1203 4371 Barna),
1221 4305 1320 4357 Lucan.

139 4378 188 4446 IV,
207 4381 269 4431 239.
301 4375 385 4442 (ierac
415 4380 583 4443 mansuetae)
608 4377 743 4431 hominem
759 4378 883 4431 dz'ctieere
920 4375 963 4427 ati
979 4373 1035 4433 (ubi
1052 4372 1105 4426 vid.
1124 4370 1266 4437 0011000),
1295 4373 1323 4421 00

139 4445 217 4500 Oros.
236 4445 272 4513 V,
293 4447 331 4498 18.
350 4444 505 4511 Animalia,
536 4461 606 4513 puae
628 4463 725 4498 manua
741 4445 879 4498 hominum
897 4394 995 4495 ianae
1009 4441 1120 4519 perpeti
1136 4440 1219 4492 solita
1236 4442 1321 4514 erant,

139 4532 252 4567 mamma
274 4512 358 4566 ctiam
381 4527 430 4581 pro
452 4512 546 4567 Aecus.
572 4515 601 4565 et
618 4513 729 4583 patiens
757 4528 805 4580 pro
828 4508 975 4578 Partipric
996 4508 1091 4562 haben
1117 4523 1195 4575 posse
1223 4519 1322 4566 census,

139 4581 212 4650 quod
238 4580 391 4634 etiamnum
417 4578 492 4633 Neue
515 4580 655 4634 Formeat.
679 4582 700 4634 1.
718 4598 743 4649 p.
763 4583 820 4632 311.
847 4578 958 4632 iudicat.
992 4576 1023 4630 In
1052 4574 1136 4629 Anth.
1159 4573 1323 4634 Ι,00.1,14,

141 4651 184 4703 31.
202 4648 226 4708 Ι,
245 4653 303 4710 171,
325 4652 348 4702 1,
369 4649 398 4701 00
419 4644 442 4707 Ι,
464 4649 519 4711 118,
538 4650 595 4701 235.
614 4647 715 4717 legitur
732 4664 815 4700 mana
828 4647 947 4716 patiam.
965 4673 999 4683 —
1016 4659 1146 4696 mensae
1165 4644 1325 4719 adsuetae

141 4715 256 4771 herili.
291 4715 483 4784 Respererunt
510 4713 581 4769 hunc
599 4716 689 4770 locum
706 4714 766 4768 Val.
784 4713 825 4767 Fl.
844 4712 906 4779 VII,
930 4714 986 4766 124.
1006 4710 1055 4765 Sia
1079 4716 1187 4789 0000000
1209 4715 1278 4759 torae
1300 4712 1326 4757 et

140 4800 247 4837 mensae
276 4782 374 4838 dulc-sa
404 4780 489 4834 terite·
506 4780 596 4847 00010,
626 4787 655 4838 00
672 4783 795 4837 Ambrae.
815 4781 942 4834 Hexaam.
962 4779 995 4847 V,
1016 4782 1054 4832 14.
1085 4778 1169 4830 Aleae
1197 4791 1260 4828 acea
1288 4774 1327 4826 aa

142 4870 250 4905 nram
266 4869 296 4905 00
313 4848 469 4906 subiiciunt
485 4856 510 4901 et
525 4867 632 4906 meme
649 4851 732 4904 herili
750 4855 889 4902 aaaeccuat
905 4855 950 4900 tac
1046 4845 1214 4905 mollescant,
1235 4844 1267 4895 ut
1285 4857 1327 4894 se·

144 4921 283 4987 quantiam
318 4931 451 4972 versuum
480 4916 595 4973 fortasse
624 4933 725 4973 memor
754 4915 808 4969 fuit
838 4915 967 4984 Calpurn.
1015 4910 1048 4965 cl.
1068 4911 1116 4973 lx,
1136 4912 1177 4963 65.
1209 4910 1327 4963 scribens

143 4988 193 5039 seit
209 5004 312 5042 ruram
329 4998 460 5039 rernearc
479 4985 594 5039 domam.
613 5018 646 5026 —
663 4981 728 5047 492.
759 4984 845 5052 ipse,
874 4998 923 5035 sua
942 4980 1046 5048 sponte,
1070 4979 1102 5031 ut
1122 4976 1193 5047 apud
1212 4978 1328 5033 Graecos

1091 5061 1120 5119 50
