3359 5725
581 548 696 614 CIBIS
719 573 750 617 v.
772 553 956 617 513-529.

181 710 297 777 Nullae
314 711 405 778 illam
428 714 535 780 sedes:
558 714 637 801 quid
659 715 745 779 euim
768 737 839 780 eum
864 714 995 782 sedibus
1016 716 1088 782 illi?

153 821 158 831 ·
182 795 275 875 Quae
298 796 392 861 simul
413 807 448 861 ut
468 820 539 862 sese
561 820 642 863 cano
665 798 706 862 de
727 800 857 884 gurgite
878 798 976 863 velox

181 877 265 944 (lum
280 880 393 945 “sonitu
415 880 458 944 ad
480 880 606 946 caelum
628 880 839 947 stridentibus
863 881 979 947 extulit
1000 883 1061 949 alis
1304 901 1353 951 515

181 960 225 1025 Et
245 962 379 1028 multum
401 963 467 1028 late
489 963 643 1052 dispersit
664 966 698 1029 in
720 986 865 1052 aequora
886 987 1002 1049 rorem,
1435 974 1440 985 '

180 1043 299 1109 Infelix
320 1047 415 1132 virgo
436 1049 632 1135 nequiquam
656 1069 677 1112 a
697 1063 801 1114 morte
821 1058 954 1135 recepta

180 1126 341 1193 Incultum
362 1127 439 1195 solis
461 1132 495 1194 in
516 1129 654 1217 rupibus
676 1132 781 1217 exigit
801 1153 929 1214 aevum,

181 1210 332 1297 Rupibus
355 1222 387 1277 et
408 1213 549 1300 scopulis
568 1223 600 1278 et
619 1213 769 1280 litoribus
790 1214 938 1281 desertis.

181 1294 250 1357 Nec
269 1304 377 1359 tamen
398 1295 460 1361 boc
481 1298 598 1362 iterum
621 1318 727 1383 poena
749 1299 832 1362 sine:
856 1319 998 1385 namque
1020 1299 1116 1365 deum
1137 1323 1207 1385 rex,
1305 1317 1355 1366 520

182 1375 301 1442 Omnia
322 1381 379 1465 qui
400 1380 537 1466 imperio
558 1391 720 1445 terrarum
742 1380 832 1445 milia
851 1392 971 1463 versat,

182 1457 371 1526 Commotus
394 1462 493 1528 talem
514 1463 557 1528 ad
580 1485 716 1549 superos
736 1463 876 1529 volitare
899 1464 1051 1612 puellam,

182 1541 264 1608 (lum
286 1554 381 1630 pater
402 1549 564 1612 extinctus
588 1568 688 1611 caeca
710 1548 770 1611 sub
792 1557 888 1611 nocte
922 1557 1034 1631 ateret,

180 1624 232 1689 llli
254 1649 314 1713 pro
336 1630 458 1714 pietate
481 1653 540 1694 sua
560 1666 601 1675 -
622 1652 699 1694 nam
723 1652 821 1717 saepe
842 1632 1002 1696 nitentum

182 1706 350 1795 Sanguine
370 1721 536 1777 taurorum
560 1709 700 1799 supplex
719 1723 923 1799 resperserat
946 1737 1031 1798 aras,

184 1790 291 1878 Saepe
313 1793 407 1858 deum
429 1794 523 1881 largo
546 1795 717 1860 decorarat
738 1819 871 1862 munere
893 1796 987 1862 sedes
1008 1839 1049 1850 -

180 1872 338 1939 Reddidit
359 1887 504 1964 optatam
526 1888 649 1944 mutato
674 1901 810 1965 corpore
832 1882 933 1945 vitam

179 1956 337 2045 Fecitque
358 1961 392 2024 in
413 1963 510 2026 terris
531 1960 723 2027 Haliaeetus
745 1962 812 2028 ales
835 1973 870 2028 ut
892 1975 991 2029 esset:

180 2038 315 2128 Quippe
336 2043 454 2130 aquilis
476 2067 605 2132 semper
626 2044 748 2131 gaudet
770 2047 851 2112 deus
874 2046 929 2112 ille
951 2049 1105 2113 coruscis.

179 2239 290 2306 tribuit;
320 2242 368 2296 sed
397 2246 471 2297 reete
490 2260 536 2298 eos
555 2244 676 2299 defendit
693 2245 770 2299 Putz.
790 2264 816 2315 p.
834 2249 886 2310 23.,
918 2246 984 2302 baec
1001 2248 1142 2302 adiicieus:
1175 2247 1266 2314 „Ante
1286 2263 1354 2314 eam,

180 2324 248 2378 quae
266 2326 290 2365 v.
308 2313 365 2364 5⁰7.
384 2311 462 2365 finita
479 2316 530 2375 est,
551 2313 585 2365 de
604 2313 815 2381 metamorphosi
833 2315 1013 2369 narrationem
1032 2314 1137 2369 dixerat
1155 2318 1235 2385 pocta
1253 2332 1277 2369 v.
1295 2319 1353 2369 483.

179 2383 232 2430 Am
252 2376 365 2432 bitriteu
383 2379 498 2448 Scyllae,
528 2380 603 2433 cuius
622 2382 752 2434 miserata
770 2385 849 2447 esset,
868 2381 981 2435 formam
1000 2386 1129 2449 mutasse,
1159 2399 1239 2452 quam
1260 2386 1355 2451 postea

180 2393 287 2513 puellae
304 2446 402 2500 melius
420 2451 448 2500 et
464 2447 515 2501 dea
533 2447 640 2516 dignius
658 2449 788 2501 auxilium
807 2450 935 2516 praebere
954 2449 1074 2517 potuisse
1091 2449 1222 2503 iudicat.“
1240 2480 1272 2491 -
1290 2449 1353 2509 513.

181 2513 266 2580 quid
294 2515 380 2566 enim
408 2515 490 2580 (uod
508 2515 561 2568 iam
579 2515 706 2569 Heinsius
725 2516 885 2581 coniecerat)
905 2533 953 2583 pro
969 2516 1041 2584 vulg.
1059 2518 1129 2585 quid
1148 2519 1202 2570 iam
1220 2534 1251 2568 ex
1269 2516 1354 2569 codd.

181 2581 237 2633 suis
268 2584 295 2633 et
314 2586 380 2637 vett.
400 2531 477 2635 editt.
496 2583 617 2652 reposuit
634 2583 721 2652 Sillig.
741 2613 772 2621 —
791 2584 875 2651 quid
903 2584 987 2636 enim
1017 2603 1085 2637 cam
1113 2585 1254 2637 aedibus
1284 2584 1354 2649 illi,

181 2648 238 2700 scil.
258 2665 397 2703 commune
416 2649 478 2702 est?
505 2650 583 2704 Ptttz.
624 2655 688 2705 ,tt
707 2649 793 2713 docet,
812 2651 913 2719 optime
930 2668 990 2705 cum
1009 2652 1035 2707 h.
1054 2651 1072 2705 l.
1092 2652 1234 2705 cohaerere
1252 2668 1275 2704 v.
1295 2655 1355 2705 518.

180 2718 209 2767 et
228 2720 295 2781 519„
326 2717 371 2769 ubi
402 2733 489 2785 rupes,
520 2667 632 2787 scopuli,
665 2717 747 2771 litora
769 2718 875 2772 deserta
892 2717 1029 2772 homiuum
1048 2719 1156 2774 sedibus
1173 2722 1353 2788 opponantur,

179 2782 314 2853 simulque
344 2788 484 2846 memorat,
515 2802 540 2840 v.
559 2789 616 2840 51³.
642 2786 729 2839 inesse
747 2785 867 2855 aliquam
884 2787 1013 2840 orationis
1030 2787 1231 2854 gradationem:
1262 2787 1354 2840 nullus

179 2849 318 2907 thalamus
336 2869 396 2906 eam
415 2854 523 2922 recepit,
543 2870 575 2907 ue
592 2852 663 2908 ullae
681 2853 789 2924 quidem
808 2854 893 2921 sedes,
911 2871 948 2909 sc.
968 2853 1109 2921 hnmanae,
1127 2855 1225 2925 quippe
1242 2862 1303 2908 aere
1317 2855 1355 2909 fr·

181 2919 305 2987 rebatur;
334 2921 447 2989 ideoque
465 2921 631 2990 scriptorem,
662 2928 692 2974 ut
710 2939 737 2976 se
755 2922 844 2989 ipsum
864 2923 941 2991 quasi
959 2923 1112 2991 corrigeret,
1131 2923 1260 2977 adiecisse
1278 2923 1354 2976 illam

179 2988 372 3057 quaestionem.
393 3018 423 3026 -
442 2988 505 3048 516.
535 2989 628 3042 Solent
657 3006 720 3043 aves
751 2990 918 3046 madefactas
936 2991 994 3044 alas
1012 2994 1161 3044 concutere.
1181 3021 1214 3029 -
1233 2993 1267 3042 ia
1299 3009 1354 3042 ae-

175 3074 286 3124 quora
314 3056 394 3109 lectio
417 3061 459 3109 est
483 3056 547 3112 Cod.
573 3056 697 3121 Helmst.‚
729 3074 808 3127 quam
836 3057 924 3125 Sillig.
953 3058 1094 3113 revocarit.
1131 3058 1220 3184 Vulgo
1248 3059 1278 3110 iu
1307 3076 1354 3111 cc·

176 3141 270 3192 quere.
294 3154 325 3162 -
345 3123 407 3185 517.
433 3132 583 3194 recepta,
602 3128 717 3181 servata.
752 3124 812 3179 vid.
832 3125 867 3178 ad
885 3127 952 3179 Aen.
971 3126 1017 3186 vl,
1039 3130 1096 3180 lll.
1114 3159 1147 3166 -
1164 3125 1183 3184 5
1200 3126 1227 3184 8.
1245 3126 1353 3178 iacul-

176 3201 242 3243 tum
259 3193 367 3261 eripit
384 3208 508 3254 aevum,
528 3193 612 3245 vitam
630 3209 753 3262 asperam
773 3195 801 3245 et
820 3191 964 3247 horridam.
993 3193 1287 3259 ct.nen.x‚53.1,75.
1303 3196 1353 3249 eto.

175 3259 304 3313 Ribbeck.
314 3277 416 3313 aevom.
429 3289 460 3298 -
473 3259 536 3321 519.
549 3260 617 3313 Cum
630 3261 788 3328 repetitione
796 3277 853 3313 voc.
865 3262 1005 3331 rupibus
1013 3260 1089 3316 Pru.
1101 3262 1119 3315 l.
1128 3262 1145 3314 l.
1155 3261 1268 3314 conferri
1278 3261 1354 3315 iubet

176 3326 277 3381 Catull.
297 3327 417 3397 Epitbnl.
438 3331 503 3390 1³2..
520 3328 586 3382 Hor.
605 3327 654 3382 Od.
672 3328 725 3391 ΙΙΙ,
747 3333 785 3390 tt,
805 3333 836 3382 30
850 3346 888 3398 sq.
908 3332 936 3382 et
954 3327 1053 3382 Culicis
1071 3345 1097 3383 v.
1112 3331 1159 3383 123
1171 3346 1210 3398 sq.
1226 3359 1257 3366 -
1276 3330 1354 3382 lito·

176 3396 272 3448 ridica
300 3397 456 3449 desertis.
491 3396 531 3449 Cf.
564 3396 669 3450 adnott.
700 3395 734 3448 ad
752 3395 815 3451 Geo.
834 3396 886 3460 Ill,
908 3399 965 3449 276.
994 3399 1022 3449 et
1039 3397 1104 3450 Aen.
1122 3397 1159 3461 ΙΙ,
1179 3399 1219 3449 68.
1239 3426 1270 3434 -
1288 3395 1353 3456 520.

176 3463 275 3530 „Nunc
290 3463 394 3532 Iupiter
411 3463 582 3532 indignatus,
603 3463 659 3517 fllia
678 3462 811 3517 scelerata
828 3464 856 3517 iu
874 3481 950 3517 arem
971 3467 1078 3518 mutata
1095 3466 1234 3534 parentem
1251 3463 1354 3517 interea

176 3530 306 3585 miserum
324 3531 394 3599 apud
413 3530 514 3585 inferos
541 3532 647 3600 degere,
676 3533 810 3584 revocavit
828 3549 890 3585 eum
906 3533 934 3586 in
951 3532 1084 3585 vitamet
1119 3533 1203 3586 ariter
1220 3547 1296 3585 avem
1314 3533 1353 3584 ie·

176 3599 224 3666 eit,
242 3597 289 3653 sed
307 3598 363 3653 ciri
380 3599 523 3664 intestam,
546 3603 686 3669 tamquam
704 3599 738 3652 ad
775 3616 869 3653 oenum
888 3616 905 3653 a
922 3600 979 3654 lilia
996 3600 1087 3668 exigen
1108 3603 1180 3654 am.“
1214 3600 1302 3666 Heyn.
1322 3632 1352 3640 -

175 3669 309 3730 iterum,
335 3673 367 3720 ut
389 3666 483 3723 Graec.
507 3662 555 3734 αὖ,
581 3684 633 3720 uon
656 3667 724 3721 dee
762 3684 803 3720 em
826 3684 855 3721 re
881 3668 996 3732 iterata,
1025 3669 1071 3723 sed
1098 3668 1131 3722 de
1158 3685 1186 3722 re
1212 3685 1242 3720 ex
1267 3667 1354 3720 altera

175 3739 254 3803 parte
281 3734 363 3803 simili
391 3736 470 3789 modo
499 3736 579 3789 facta.
620 3736 679 3790 vid.
704 3735 791 3790 Hand.
815 3737 892 3789 Ture.
914 3736 966 3790 ΠΙ.
988 3752 1015 3803 p.
1039 3741 1088 3789 529
1115 3753 1156 3805 sq.
1201 3735 1302 3802 Haupt.
1326 3740 1354 3788 et

174 3802 336 3871 posteriores
359 3802 474 3857 editores
493 3807 651 3873 receperunt
669 3803 778 3857 boensis
797 3805 863 3856 coni.
885 3805 984 3873 rpeiam.
1006 3834 1032 3840 --
1048 3803 1256 3872 poenariae.
1293 3801 1351 3854 Vid.

176 3870 213 3924 ad
232 3871 298 3923 Aen.
317 3870 339 3933 Ι,
359 3874 399 3924 32.
420 3874 477 3924 cot.
499 3871 532 3926 al.
554 3903 586 3911 —
605 3871 637 3925 V.
655 3868 719 3931 521.
750 3870 834 3938 Heyn.
860 3873 888 3923 et
905 3871 991 3939 Sillig.
1010 3871 1149 3939 tamquam
1169 3868 1292 3946 monachi
1311 3869 1354 3921 vel

179 3937 250 3991 elius
269 3937 409 3992 christiani
428 3939 548 3992 auctoris
568 3939 784 3993 additamentum
803 3938 880 3990 uncis
898 3937 1074 3998 incluserunt,
1109 3953 1175 4006 quos
1192 3937 1353 3989 recentiores

177 4006 297 4060 editores
328 4008 505 4060 removerunt.
541 4007 643 4075 Haupt.
674 4007 701 4058 in
719 4004 802 4058 Codd.
828 4006 963 4073 scriptura
980 4002 1049 4057 nihil
1069 4003 1193 4067 mutavit,
1226 4003 1353 4057 Ribbeck.

176 4090 240 4128 vero
257 4079 348 4143 (quem
366 4073 473 4127 Ladew.
493 4076 521 4126 et
541 4073 658 4127 Benoist.
677 4075 835 4142 sequuntur)
854 4089 885 4126 ex
903 4073 970 4125 coni.
989 4071 1074 4125 edidit
1091 4079 1193 4132 terres,
1212 4087 1297 4131 mara,
1316 4071 1353 4122 si-

176 4146 248 4197 dere
268 4149 366 4196 ceram.
385 4170 418 4178 -
436 4138 503 4201 522.
533 4142 633 4194 talem
651 4157 698 4209 per
716 4142 900 4208 contemptum
919 4156 979 4208 pro:
998 4143 1055 4192 tam
1073 4138 1192 4208 impiam.
1228 4137 1290 4190 Vid.
1307 4153 1353 4190 sn·

176 4211 279 4280 praed
300 4227 324 4265 v.
346 4213 385 4264 ll.
404 4239 435 4248 -
454 4206 518 4270 523.
549 4208 635 4276 Sillig,
665 4225 713 4276 pro
735 4207 811 4272 Cum,
842 4206 912 4277 quod
939 4207 1002 4261 huic
1019 4206 1076 4259 loco
1096 4206 1185 4259 minus
1203 4205 1353 4267 conveniat,

177 4279 255 4331 Βπιηι
272 4277 444 4331 scribendum
461 4292 519 4330 esse
541 4279 630 4346 putat,
649 4274 720 4344 quod
739 4275 842 4345 Haupt.
862 4275 969 4344 recepit.
1005 4275 1061 4329 Nos
1079 4290 1139 4328 cum
1158 4274 1237 4327 Ribb.
1256 4276 1284 4327 et
1302 4273 1354 4327 Be-

177 4345 266 4399 noisto
285 4345 446 4400 retinuimus
464 4344 548 4400 Codd.
566 4345 718 4406 lectionem,
750 4360 830 4413 quam
854 4343 920 4397 bene
938 4359 967 4397 se
985 4342 1082 4397 babere
1100 4343 1183 4396 etiam
1201 4342 1278 4396 Pau.
1298 4342 1315 4395 l.
1334 4341 1353 4395 l.

177 4416 279 4477 censet,
309 4413 356 4483 qui
374 4415 514 4479 memorat,
544 4413 599 4465 iam
618 4411 772 4480 Zumptium
791 4417 814 4475 ξ.
836 4416 895 4464 ott.
916 4410 1047 4474 docuisse,
1078 4428 1138 4464 acm
1160 4410 1186 4463 in
1205 4409 1354 4463 enuntiatis

178 4482 315 4535 contraria
333 4480 520 4544 referentibus,
550 4479 713 4549 respondens
730 4482 824 4532 nostro
843 4480 982 4539 rcdkread,
1001 4479 1069 4532 satis
1086 4479 1218 4531 usitatum
1237 4493 1303 4530 esse.
1321 4506 1350 4512 ·-

178 4580 212 4588 ψ-
235 4547 302 4608 524.
323 4550 483 4601 nitentum
501 4558 575 4618 (pro:
606 4547 762 4608 nitentium)
785 4546 889 4615 Heynio
913 4562 1022 4601 suasore
1046 4563 1076 4600 er
1094 4547 1171 4600 editt.
1190 4548 1257 4599 vett.
1275 4544 1354 4597 resti-

177 4617 235 4672 tuit
253 4617 355 4686 Sillig.;
379 4616 459 4684 vulgo
479 4616 585 4683 tenuati,
614 4614 686 4685 quod
704 4614 783 4668 Piitz.
801 4615 819 4667 l.
838 4615 856 4668 l.
876 4631 927 4667 uon
945 4617 1046 4668 temere
1063 4613 1237 4667 reiicieudum
1255 4614 1354 4676 censet,

181 4688 211 4740 at
230 4700 264 4738 ue
282 4685 364 4740 etiam
385 4683 546 4738 recentiores
565 4684 683 4738 editores
702 4699 744 4736 res
765 4685 870 4736 uerunt.
890 4681 931 4740 Cf.
952 4682 1057 4735 aduott.
1077 4682 1111 4735 ad
1123 4684 1191 4735 Aen.
1203 4680 1254 4742 ΙΙΙ,
1268 4684 1310 4734 20.
1324 4710 1353 4718 -

177 4753 197 4815 5
238 4797 243 4808 .
275 4753 436 4819 Fecitque
453 4752 511 4805 Silli
534 4792 540 4804 .
564 4752 650 4806 edidit
673 4698 789 4805 eCodd.
808 4750 865 4803 suis
882 4766 931 4818 pro
947 4751 1022 4818 vulg.
1039 4748 1118 4803 Fecit
1135 4757 1167 4804 et.
1188 4749 1278 4801 -De
1297 4747 1355 4827 lra-

178 4823 305 4875 lineato
324 4821 376 4876 rid.
396 4835 478 4889 supra
495 4769 531 4874 od
548 4837 572 4873 v.
593 4823 651 4873 tot.
688 4819 786 4886 Haupt.
807 4822 834 4870 et
852 4817 930 4872 Ribb.
949 4818 1031 4871 etiam
1050 4817 1093 4869 bic
1112 4833 1172 4870 curn
1193 4815 1354 4887 eodd.qu1-

178 4890 296 4945 busdum
315 4889 437 4943 scribunt
455 4889 614 4941 ltalioeetes.
632 4918 664 4926 —
683 4884 746 4946 529.
777 4885 865 4954 Vulgo
888 4888 970 4938 deus
988 4902 1163 4947 coruscus,
1183 4900 1251 4973 puae
1268 4883 1353 4937 Codd.

177 4959 259 5012 lectio
278 4958 341 5011 ferri
362 4959 459 5024 potest,
480 4955 543 5024 quia
562 4956 685 5022 fulmina,
719 4970 787 5023 quae
805 4954 878 5012 iacit.
895 4958 959 5006 suut
976 4967 1096 5013 corucem
1127 4957 1157 5005 nt
1175 4952 1238 5006 (teo.
1257 4951 1279 5015 1,
1297 4955 1354 5005 tte.
