3359 5725
329 557 449 638 xxxn}
471 556 582 622 DISS.
605 557 668 621 DE
690 558 726 623 P.
750 555 880 622 VERG.
902 555 1006 622 Mas.
1029 556 1138 622 VITA
1161 558 1220 623 ΕΤ
1245 559 1379 629 CARM.

328 723 399 807 gilii
410 722 564 808 Eclogae,
586 723 674 788 haud
696 722 794 787 dubie
816 723 1009 788 vilissimum
1024 725 1108 789 inter
1125 727 1229 789 eiuso
1255 729 1377 806 mall),
1403 727 1508 794 Theo·

330 808 440 870 criteis
461 805 589 892 Idylliis
610 807 705 891 longe
733 807 977 893 postponendae
990 810 1041 889 ⁹⁸),
1078 819 1110 873 et
1136 809 1209 892 sing
1244 811 1311 874 aris
1337 809 1406 887 ille,
1447 834 1510 898 quo

330 900 489 976 exceptae
511 900 594 965 sunt,
620 890 752 976 plausus
773 912 845 954 cum
868 913 910 954 ex
932 889 1001 955 sola
1023 893 1070 955 rei
1098 891 1253 967 novitate,
1283 893 1372 980 quod
1401 897 1510 981 prima

331 983 425 1036 erant
444 972 539 1037 huius
561 975 690 1058 generis
714 975 869 1049 carmina,
892 996 975 1061 quae
996 974 1152 1040 Romanis
1181 974 1413 1061 offerebantur,
1442 988 1508 1068 tqm

329 1079 371 1119 ex
396 1055 452 1119 illa
479 1059 553 1142 ipsa
580 1079 687 1121 rerum
716 1079 773 1120 suo
805 1065 951 1142 ternpore
979 1067 1144 1143 gestarum
1172 1061 1375 1135 tractatione,
1410 1083 1507 1148 quam

330 1138 513 1219 admiscuit,
535 1138 730 1224 repetendus
746 1138 890 1220 videtur3
913 1163 1109 1227 quamquam
1129 1152 1300 1220 senserat,
1322 1165 1379 1207 cur
1396 1166 1507 1229 perse

330 1231 505 1307 spectatae,
528 1244 632 1309 neque
654 1244 727 1287 cum
750 1220 888 1286 Graecis
922 1235 1140 1309 comparatae,
1174 1234 1244 1288 arte
1276 1248 1335 1290 sua
1370 1236 1403 1290 et
1436 1251 1505 1292 ora·

328 1305 425 1369 tionis
447 1305 620 1389 splendore
643 1315 740 1391 atque
761 1304 924 1391 elegantia
944 1306 1101 1372 Romanis
1128 1307 1270 1372 maxime
1299 1310 1506 1376 commenda-

328 1399 440 1452 rentur
467 1400 498 1452 et
528 1390 644 1452 mirum
673 1399 830 1475 quantum
856 1388 1085 1474 placerentli).
1132 1388 1270 1455 Accedit
1294 1413 1374 1458 vero
1406 1395 1504 1459 etiam

328 1471 372 1535 ad
418 1482 524 1535 oetam
546 1470 777 1548 excusandum,
799 1471 887 1558 quod
912 1483 1043 1558 praeter
1070 1485 1254 1558 temporum
1282 1475 1504 1541 conditionem

328 1564 360 1618 et
387 1493 606 1618 Nomanorum
632 1556 798 1638 ingenium
830 1557 902 1640 ipsc
929 1578 1057 1642 quoque
1092 1578 1197 1620 sermo
1228 1556 1367 1622 Latinus
1395 1561 1506 1625 minus

328 1649 424 1722 aptus
447 1647 517 1701 erat
546 1637 589 1701 ad
615 1637 755 1701 indolem
786 1650 820 1702 et
845 1649 995 1702 naturam
1024 1641 1205 1704 carminum
1233 1639 1503 1708 Theocriteorum

327 1724 396 1785 sive
425 1744 502 1786 vere
529 1720 751 1786 bucolicorum
785 1722 966 1785 imitatione
998 1722 1258 1809 exprimendam,
1287 1727 1342 1809 qui
1371 1735 1504 1811 poetam

328 1808 435 1890 coegit
454 1803 557 1868 multa
579 1826 621 1867 ex
636 1804 706 1866 vita
721 1805 894 1889 pastoritia
917 1805 1064 1868 omittere
1086 1817 1118 1870 et
1140 1827 1297 1890 seponere
1315 1818 1373 1872 aut
1387 1808 1503 1875 verbo-

327 1910 400 1950 rum
422 1898 539 1952 ornatu
563 1886 672 1950 velare
695 1896 727 1950 et
748 1886 904 1962 colorare,
943 1910 1026 1974 quae
1053 1888 1140 1952 nude
1175 1899 1208 1953 et
1237 1889 1431 1976 simpliciter
1463 1892 1504 1957 ad

327 1972 375 2033 rei
412 1971 581 2034 veritatem
615 1974 786 2055 proposita
819 1969 978 2056 superbas
1014 1971 1234 2037 Romanorum
1271 1994 1367 2038 aures
1405 1976 1504 2040 nimis

328 2052 538 2117 offendissent
553 2054 619 2129 ¹⁰⁰).
1356 2126 1357 2129 Ἴ

410 2137 448 2200 In
463 2134 683 2220 Georgicis
706 2134 888 2200 scribendis
902 2146 999 2222 poeta
1009 2136 1147 2202 Hesiodi
1160 2139 1302 2203 maxime
1317 2140 1503 2228 exemplum

328 2230 403 2284 ante
425 2218 534 2284 oculos
557 2218 671 2283 habuit
686 2221 751 2298 ¹⁰¹),
772 2220 940 2284 materiem
961 2231 1079 2298 autem,
1126 2243 1200 2285 uam
1216 2245 1336 2306 magna
1351 2246 1394 2289 ex
1410 2237 1503 2310 parte

327 2305 392 2367 iam
414 2303 488 2387 ipsa
511 2303 578 2365 vita
598 2303 722 2366 rustica
743 2304 773 2365 ei
802 2300 963 2389 praebuit,
987 2326 1029 2368 ex
1050 2327 1081 2367 m
1118 2305 1159 2367 tis
1182 2305 1255 2369 aliis
1286 2308 1503 2392 scriptoribus

329 2385 465 2449 Graecis
504 2383 706 2466 (Aristotele,
748 2384 986 2471 Theophrasto,
1026 2386 1227 2468 Democrito,
1269 2387 1501 2475 Xenophonte,

327 2469 439 2545 Arato,
461 2467 626 2532 Nicandro
649 2475 721 2545 etc.)
742 2479 775 2532 et
796 2469 924 2532 Latinis
945 2469 1120 2551 (Lucretio,
1150 2469 1291 2554 Magone
1313 2471 1406 2552 Afro,
1439 2473 1503 2539 Ca·

326 2564 411 2631 tone,
433 2553 591 2633 Varrone,
614 2551 771 2617 Cicerone
792 2553 827 2615 iu
855 2551 875 2617 l.
898 2552 956 2616 Ill.
994 2553 1296 2636 Oeconomicorum,
1319 2555 1406 2632 aliis)
1430 2556 1501 2621 dili·

351 2637 515 2699 entissime
538 2634 676 2719 collegit,
700 2657 835 2721 quorum
859 2634 1003 2720 singulos
1025 2634 1113 2701 locos
1136 2635 1223 2700 haud
1252 2659 1327 2702 raro
1357 2638 1401 2702 ad
1431 2662 1503 2703 ver-

327 2658 402 2781 dum
426 2720 459 2780 in
483 2740 614 2781 carmen
636 2739 729 2781 suum
750 2717 917 2781 transtulit
931 2720 996 2796 ¹⁰⁸²),
1028 2718 1114 2805 quod
1145 2722 1284 2804 primurn
1308 2742 1380 2784 esse
1407 2721 1503 2786 huius

327 2804 509 2886 argumenti
537 2799 579 2865 ab
606 2800 751 2865 Romano
780 2800 909 2866 homine
938 2801 973 2865 in
999 2800 1101 2866 lucem
1131 2801 1252 2867 editum
1280 2805 1351 2890 ipse
1381 2803 1503 2889 gloria·

326 2895 380 2948 tur
408 2883 488 2949 Geo.
515 2885 556 2959 ll,
584 2891 649 2949 175.
678 2895 711 2948 et
729 2883 789 2960 ΙΠ,
815 2892 851 2949 10
874 2907 920 2983 sq.
970 2884 1177 3033 Quamquam
1203 2888 1214 2949 i
1238 2888 1303 2951 itur
1332 2910 1438 2975 neque
1471 2892 1503 2953 in

326 2968 388 3033 hoc
417 2979 568 3054 poemate
598 2967 759 3032 didactico
791 2968 988 3032 inventionis
1020 2968 1075 3032 lau
1101 2991 1151 3032 ern
1184 2909 1247 3034 siit
1272 2980 1381 3056 potest
1412 2995 1503 3037 arro-

393 3242 435 3305 91)
456 3238 599 3292 Ver-issima
616 3237 688 3292 enirn
705 3235 825 3305 Heynius
843 3236 861 3289 l.
878 3237 897 3290 Ι.
916 3254 941 3306 p.
963 3239 1015 3292 17.;
1034 3236 1114 3299 „Nisi
1131 3236 1186 3291 alia
1204 3239 1303 3307 essent,
1322 3238 1421 3308 quibus
1443 3240 1504 3297 Ma·

327 3324 356 3361 ro
375 3307 466 3374 magni
490 3310 585 3384 poetae
607 3322 704 3358 nornen
734 3309 891 3370 mereretur,
923 3304 986 3357 solis
1010 3304 1143 3358 Bucolicis
1174 3305 1275 3359 relictis
1304 3307 1347 3360 vir
1377 3324 1439 3362 eum
1473 3311 1502 3364 in

327 3391 437 3428 censum
477 3373 608 3440 rmcipum
625 3376 766 3439 poetamm
785 3377 930 3424 venturum
950 3372 1032 3426 luisse
1049 3372 1196 3428 arbitror.“

394 3445 437 3504 98)
457 3390 499 3491 bf.
518 3440 604 3507 Heyn.
619 3440 638 3492 l.
656 3440 673 3494 l.
693 3457 720 3509 p.
739 3443 777 3493 11.
796 3437 950 3507 Hottinger.
968 3439 988 3493 l.
1007 3439 1025 3493 l.
1045 3441 1072 3494 ct
1108 3457 1157 3494 uos
1175 3442 1240 3494 nota
1259 3445 1299 3495 93.
1318 3441 1501 3498 laudavimus.

326 3511 436 3563 Temere
466 3507 551 3575 igitur
569 3506 687 3575 Scaliger
708 3506 784 3560 Poct.
807 3505 839 3573 V,
866 3511 887 3560 5.
919 3509 947 3559 et
970 3506 1072 3562 Meusel
1120 3507 1165 3563 iss.
1185 3508 1218 3562 de
1236 3509 1344 3564 Theocr.
1377 3514 1406 3564 et
1425 3512 1500 3591 Virg.

326 3577 413 3696 poetifr
442 3574 529 3695 chol.
559 3574 684 3643 Gottiug.
717 3577 789 3627 1166.
826 3589 871 3627 eos
901 3574 1068 3643 vituperant,
1098 3576 1145 3644 qui
1177 3575 1348 3631 Theocritum
1378 3578 1502 3647 Vergihc

345 3661 390 3698 rae
403 3659 487 3697 eran.

326 3662 343 3712 P
392 3714 435 3776 99)
455 3709 579 3764 Sufficiat
591 3725 797 3763 commemorare
806 3710 961 3763 testimonia
969 3709 1076 3764 Horatii
1085 3710 1141 3765 Sat.
1152 3709 1175 3777 1,
1190 3716 1227 3777 10,
1237 3716 1278 3765 14.
1302 3711 1392 3766 Molle
1416 3722 1503 3783 atque

326 3781 446 3846 facetam
479 3779 600 3846 Verqr'lio
630 3786 783 3831 annuerant
811 3794 876 3831 rare
908 3777 1068 3842 Camocnae,
1091 3782 1119 3832 et
1136 3778 1225 3833 Ovidii
1242 3780 1332 3833 Amor.
1351 3780 1372 3845 Ι,
1395 3786 1434 3845 15,
1457 3787 1500 3836 25.

326 3848 439 3915 Τιἰψιω
456 3853 482 3899 et
498 3853 599 3913 repetes
615 3847 718 3898 Aeneia
737 3862 772 3898 oe
789 3863 869 3898 arma
885 3846 1015 3913 leqentur,
1033 3844 1125 3899 Roma
1147 3847 1310 3916 triumphati
1324 3850 1390 3902 dum
1416 3859 1503 3920 caput

327 3915 478 3981 cremarit,
496 3914 655 3981 quibuscum
673 3912 707 3966 ci.
750 3929 788 3967 ac.
807 3912 870 3967 dial.
891 3918 928 3966 13.
949 3912 1055 3979 Quinct.
1073 3913 1108 3980 X,
1129 3913 1150 3977 Ι,
1170 3917 1211 3967 55.
1231 3916 1259 3967 et
1278 3915 1375 3969 Donat.
1395 3921 1418 3980 ξ.
1441 3923 1484 3971 41.

371 4050 376 4063 .
396 3986 453 4061 1119)
473 3982 617 4060 Verissime
635 3979 706 4034 enim
718 3981 821 4035 Probus
839 3979 1030 4059 „TbeoerItum
1046 3986 1153 4060 poetam
1167 3980 1283 4061 i³⁰l¹l¹⁸r
1304 3982 1352 4049 ait,
1371 3982 1501 4063 bucolica

325 4046 1278 4195 911111111121112119111911111111111,211
1296 4051 1501 4196 remisit

325 4187 446 4239 sensus.“
464 4184 589 4238 Ceterum
609 4184 707 4246 omnia,
727 4184 824 4253 quibus
842 4182 986 4251 Vergilius,
1016 4198 1107 4237 veram
1124 4199 1249 4236 carminis
1277 4183 1391 4238 bucolici
1418 4189 1502 4239 natu·

325 4269 382 4307 ram
403 4252 534 4315 deserens,
553 4252 674 4305 excusari
690 4255 788 4320 potest.
807 4249 988 4304 exhauserunt
1008 4250 1128 4319 Heynius
1153 4250 1186 4305 de
1204 4267 1285 4305 carm.
1304 4252 1391 4305 bucol.
1400 4270 1437 4375 p,
1458 4258 1499 4308 12.

324 4339 382 4391 sqq.
397 4320 530 4388 etSpohn.
544 4320 571 4372 iu
589 4320 715 4388 Prolegg.
735 4318 853 4387 adVirg.
874 4334 953 4372 carm.
975 4318 1062 4372 bucol.
1073 4317 1130 4371 Vol.
1150 4318 1171 4374 Ι,
1191 4336 1218 4388 p.
1230 4323 1259 4372 21
1275 4336 1333 4389 sqq.
1346 4319 1387 4375 ed.
1437 4338 1499 4400 agn.

395 4386 524 4453 1911101.
547 4404 628 4456 snpra
650 4405 674 4455 p.
698 4386 799 4440 XXIII.
823 4402 884 4439 cum
906 4387 1047 4445 1101941.)
1082 4384 1158 4451 Quod
1186 4390 1279 4440 tamen
1307 4403 1360 4441 non
1389 4388 1430 4442 ita
1458 4406 1500 4442 1n·

325 4455 511 4575 telligendum,
529 4471 560 4507 ac
577 4455 601 4507 si
620 4455 707 4506 multa
724 4470 755 4507 er
774 4452 885 4507 Hesiodi
903 4453 975 4573 Oppi
990 4457 1018 4506 et
1035 4452 1136 4508 Diebus
1154 4453 1281 4508 hauserit.

395 4527 452 4587 102)
471 4523 512 4575 C.
530 4523 604 4576 Serv.
623 4522 657 4575 ad
677 4522 780 4587 Geel,
800 4527 840 4575 13.
860 4520 929 4575 Plin.
997 4520 1030 4574 N.
1049 4521 1086 4584 Π,
1106 4526 1129 4588 8,
1148 4525 1170 4575 6.
1192 4521 1319 4587 Quinctil.
1339 4523 1408 4577 inst.
1427 4523 1459 4591 X,
1477 4528 1498 4590 1,

325 4597 366 4647 56.
395 4591 512 4645 Macrob.
537 4591 569 4656 V,
593 4594 617 4642 2.
640 4588 755 4643 Fabricii
780 4589 850 4643 Bibl.
877 4588 936 4642 Lat.
956 4589 976 4642 1.
997 4592 1085 4656 ρ.412
1103 4606 1161 4658 sqq.
1197 4589 1293 4657 Heynii
1322 4590 1445 4645 Prooem.
1470 4592 1499 4645 in

325 4661 389 4715 Geo.
408 4676 434 4728 p.
454 4662 512 4712 269.
532 4657 622 4711 Ursini
640 4658 735 4725 Virgil.
766 4657 854 4710 collat.
887 4659 936 4711 stc.
965 4673 992 4725 p.
1015 4658 1048 4708 94
1071 4673 1130 4726 sqq.
1160 4656 1299 4710 additam.
1330 4657 1366 4711 ad
1395 4657 1500 4713 Sulzcri

325 4727 419 4782 Theor.
446 4729 511 4781 artt.
534 4725 594 4777 Vol.
617 4725 676 4778 VII.
704 4743 728 4793 p.
748 4728 796 4778 269
815 4742 846 4795 sq
868 4767 873 4778 .
893 4723 970 4777 lahn.
992 4722 1080 4777 Praef.
1099 4740 1125 4792 p.
1143 4724 1199 4778 XL.
1219 4726 1247 4778 et
1265 4724 1378 4779 Teuffel.
1396 4725 1416 4779 l.
1434 4726 1452 4779 l.
1470 4743 1498 4794 p.

326 4798 401 4848 2652.
438 4795 481 4848 Sic
499 4811 529 4847 ex
542 4792 726 4859 Theophrasto
749 4792 829 4861 petiit
849 4741 1002 4845 doctrinam
1027 4790 1061 4844 de
1083 4792 1208 4846 arborum
1230 4792 1321 4870 cultu,
1342 4807 1372 4846 ex
1395 4794 1501 4847 Aristo·

326 4861 380 4914 tela
404 4864 546 4931 praecepta
563 4860 596 4914 de
614 4860 718 4928 apibus,
749 4875 779 4912 er
798 4859 934 4914 Nicandro
953 4858 1040 4911 locum
1065 4858 1098 4913 de
1116 4860 1294 4929 serpentibus,
1312 4861 1449 4929 imprimis
1466 4860 1501 4915 de

328 4927 462 4996 chelydro,
482 4947 512 4984 er
530 4929 613 4982 Arato
625 4928 715 4981 locum
728 4926 761 4981 de
780 4924 971 4995 prognosticis,
989 4941 1004 4979 e
1021 4926 1176 4996 Thucydide
1199 4930 1227 4981 et
1244 4927 1371 4980 Lucretio
1392 4944 1501 4984 enarra-

325 4995 427 5050 tionem
444 4997 538 5064 peetis,
558 5013 572 5050 o
588 4997 707 5051 Varrone
726 4996 754 5048 et
773 4997 876 5049 Catone
894 4996 1039 5064 praecepta
1058 4994 1090 5049 de
1108 4995 1240 5064 pecudum
1258 5010 1323 5050 cura
1341 4999 1396 5050 etc.
