3359 5725
515 564 520 568 ’
564 600 794 667 inunmos
816 602 899 670 nis.
922 604 1010 672 viii.

270 764 314 828 At
335 765 446 831 Venus
470 766 632 833 aetherios
655 768 739 833 inber
761 767 824 834 dea
845 770 987 836 candida
1009 772 1136 839 nimbos

186 850 284 914 Dona
302 848 409 913 ferens
433 849 564 934 aderat,
587 859 761 936 natumque
783 852 815 915 in
837 853 923 919 valle
942 855 1079 922 reducta

187 932 239 998 Ut
277 930 368 996 rocul
391 932 518 1018 egelido
541 943 701 999 secretum
726 934 859 999 flumine
881 936 972 1019 vidit,

184 953 321 1080 Taliiius
345 1014 458 1081 adfata
479 1026 529 1082 est
549 1017 648 1082 dictis
670 1038 770 1105 seque
787 1017 902 1084 obtulit
923 1020 1026 1085 ultro:

187 1097 258 1179 „En
281 1097 429 1182 perfecta
449 1101 512 1165 mei
534 1101 697 1187 promissa
719 1101 868 1187 coniugis
890 1111 961 1168 arte

184 1181 337 1263 Munera,
358 1204 400 1248 ne
421 1205 499 1248 mox
520 1192 577 1249 aut
598 1184 783 1267 Laurentis,
804 1195 890 1268 nate,
913 1186 1074 1274 superbos

183 1504 210 1557 et
228 1499 338 1555 omnino
355 1498 416 1554 loca
433 1497 537 1564 altiora,
569 1513 650 1568 quain
675 1498 823 1568 inquibus
848 1500 900 1569 ipsi
926 1502 1038 1557 stamus.
1075 1504 1119 1559 Ita
1140 1505 1207 1560 cas'
1228 1506 1268 1561 ati
1291 1508 1358 1562 scri·

201 1572 272 1623 tores
294 1583 400 1637 semper
421 1565 578 1636 loquuntur.
609 1564 676 1620 Vide
702 1566 824 1635 exempla
840 1567 913 1636 apud
926 1568 1049 1623 Oudend.
1069 1572 1104 1625 ad
1121 1572 1198 1628 Caes.
1242 1616 1247 1627 .
1267 1573 1300 1629 G.
1318 1575 1356 1637 Π,

182 1586 205 1690 i.
240 1637 347 1691 Aeneas
364 1633 728 1704 11111111511111111115111111.Η
765 1634 817 1688 Sed
836 1634 901 1702 quid
925 1635 1007 1689 faciet
1024 1638 1112 1692 verbis
1136 1655 1161 1695 r.
1184 1643 1242 1695 6⁰9.
1263 1648 1357 1695 autam

181 1704 210 1758 ia
227 1704 301 1758 valle
319 1706 435 1757 redacta
457 1701 493 1754 Ut
510 1729 522 1740 ·
541 1730 553 1741 ·
568 1699 659 1754 vidit?
678 1717 746 1769 quaa
764 1703 856 1756 autem
876 1701 909 1756 de
926 1706 1091 1759 meccedeodi
1114 1706 1195 1761 verbo
1217 1710 1356 1770 memorat,

183 1788 221 1835 ca,
246 1773 305 1826 tani
334 1770 362 1824 in
390 1768 546 1823 universum
576 1767 724 1836 disputata,
753 1770 911 1839 neutiquam
941 1786 1000 1825 cese
1027 1788 1098 1841 vera,
1129 1788 1184 1827 uon
1213 1775 1255 1827 est
1287 1775 1358 1845 quod

182 1840 301 1893 doceam.
336 1836 377 1891 Cf.
397 1836 488 1905 potius
508 1851 633 1905 supiav.
652 1839 709 1891 501.
728 1854 927 1906 -corpora
956 1848 1084 1893 curant.
1113 1840 1174 1896 Vid.
1192 1840 1227 1894 ad
1245 1841 1277 1905 V,
1297 1846 1354 1897 511.

182 1939 211 1945 -
231 1905 365 1973 „Reliqua
394 1906 474 1973 poeta
500 1901 654 1983 exsequitur
670 1902 703 1967 X,
726 1907 773 1983 118
794 1920 853 2024 εἷς.
874 1904 1089 1966 -6118,Η111(1
1120 1907 1201 1962 dubie
1218 1907 1302 1974 Maro,
1333 1909 1357 1964 si

182 1974 294 2029 carmini
312 1971 476 2026 absolvendo
493 1972 565 2024 vitae
583 1986 648 2024 usus
668 1971 834 2040 contigisse,
855 1971 952 2027 melius
969 1973 1041 2027 hunc
1061 1974 1150 2029 locum
1162 1975 1355 2031 constituisset.

180 2042 263 2102 Arma
282 2040 358 2094 caelo
376 2038 487 2107 delapsa
504 2038 558 2091 iam
583 2053 672 2105 sopra,
704 2037 768 2092 dum
787 2039 905 2093 Evandri
933 2039 1051 2109 bospitio
1080 2043 1209 2097 utebatur
1237 2043 1352 2107 Aeneas,

181 2109 386 2171 memoraverat,
406 2122 435 2161 re
455 2106 481 2159 in
500 2105 653 2175 prodigium
680 2121 758 2160 versa
779 2123 805 2160 1.
832 2110 881 2159 521
905 2124 964 2177 sqq.
1000 2109 1087 2174 Nunc,
1117 2125 1176 2164 cniii
1205 2110 1268 2165 indo
1296 2127 1357 2179 pro·

180 2177 267 2231 iectus
286 2175 321 2229 ad
339 2175 423 2228 Caere
441 2173 491 2227 sub
508 2172 602 2227 arbore
620 2172 787 2228 consedisset
803 2174 917 2237 Aeneas,
941 2191 1002 2229 ecce
1019 2176 1110 2230 Venus
1127 2177 1206 2231 adest
1223 2179 1252 2231 et
1278 2194 1355 2232 arins

181 2245 318 2324 apportat.
354 2241 395 2296 Cl.
415 2240 493 2295 nied,
514 2240 615 2321 XVIII,
633 2244 686 2319 Ι615
705 2257 744 2311 sq.
762 2244 790 2296 et
808 2241 881 2304 XIX,
900 2244 946 2297 3.“
967 2246 1051 2312 Heym
1071 2274 1104 2283 -
1122 2244 1162 2298 De
1179 2244 1254 2299 Part.
1272 2246 1311 2298 Ar
1328 2246 1356 2299 in

181 2310 309 2382 principio
328 2325 412 2363 norae
430 2310 592 2362 narrationis
615 2307 669 2361 vid.
689 2308 723 2361 ad
741 2308 787 2373 IV,
809 2313 831 2363 1.
852 2340 885 2348 -
905 2310 1078 2364 aetherios
1103 2312 1195 2365 inter
1220 2312 1356 2380 nimbos,

181 2385 287 2443 „abiem
305 2377 457 2441 numinum,
476 2375 580 2429 scilicet
596 2376 788 2444 purgatiorem,
805 2377 852 2456 qni
872 2377 942 2431 circa
961 2378 1025 2431 deos
1043 2381 1116 2432 est“:
1138 2378 1214 2433 Sere.
1240 2410 1272 2418 —
1294 2381 1357 2432 dea

181 2446 338 2501 condida.
357 2444 418 2498 Vid.
435 2443 471 2497 nd
489 2443 546 2497 llcl.
559 2442 596 2504 II,
615 2446 655 2496 16.
687 2443 759 2497 Bene
776 2444 828 2497 aibr
842 2447 1015 2513 opponuntur
1026 2448 1080 2499 rica
1093 2447 1216 2499 candida
1233 2447 1261 2500 et
1273 2446 1360 2500 nimbi

180 2533 200 2567 s.
219 2514 306 2567 nubes
324 2512 460 2566 obscurae.
496 2510 565 2563 Cum
583 2510 748 2564 aetheriis
768 2512 890 2565 nimbis
913 2512 947 2565 cf.
968 2512 1000 2576 V,
1022 2516 1060 2564 13.
1084 2514 1224 2566 cerumar
1245 2514 1357 2566 bethma

179 2582 274 2635 nimbi.
294 2612 325 2619 --
345 2578 410 2640 6119.
429 2579 464 2632 in
481 2577 576 2632 calle
591 2580 736 2631 reducta
771 2580 803 2632 nt
821 2578 867 2640 VI,
887 2582 945 2632 70³.
965 2608 994 2616 -
1014 2576 1075 2637 elo.
1094 2579 1190 2659 Wagn.
1209 2595 1240 2634 ex
1322 2597 1355 2634 in.

179 2650 243 2703 Vat.
261 2664 279 2702 a
295 2665 331 2701 ni.
361 2663 422 2701 sec.
450 2644 533 2715 (quod
564 2646 655 2699 tamen
685 2619 811 2699 Ribbeck.
844 2647 938 2711 tacet),
956 2646 1031 2725 Itoni.
1053 2647 1081 2700 et
1102 2647 1187 2701 Paris.
1206 2651 1229 2702 8.
1248 2646 1305 2716 (qni
1324 2664 1358 2702 us

181 2716 247 2770 addi
264 2715 377 2795 possunt
393 2713 465 2767 Med.
491 2729 507 2767 a
531 2729 567 2766 ni.
584 2728 645 2777 sec,
664 2711 722 2767 Pal.
742 2714 770 2766 et
787 2712 870 2774 (iud.)
889 2715 990 2781 recepit
1007 2721 1032 2766 et
1052 2714 1155 2783 pelido,
1186 2713 1237 2769 hac
1265 2714 1356 2769 adnot.

184 2783 339 2849 adscripta:
361 2798 390 2849 „e
408 2782 499 2835 elidos
516 2796 566 2833 vox
584 2781 633 2844 est,
652 2780 704 2833 nisi
722 2780 813 2843 fallor,
837 2780 872 2835 ab
890 2780 966 2860 epica
994 2781 1069 2849 poesi
1097 2781 1200 2845 aliena;
1231 2783 1259 2836 et
1288 2782 1358 2837 inter

183 2849 326 2904 fluviorum
344 2850 384 2918 epi
417 2852 463 2904 eta
479 2849 610 2919 perpetua
627 2863 643 2903 a
662 2848 698 2902 nd
717 2847 840 2903 meliores
882 2848 971 2903 mdem
1008 2850 1082 2903 oetas
1098 2849 1206 2918 pelidae
1223 2851 1356 2916 censetur,

184 2935 237 2971 non
251 2916 386 2986 melitius,-
403 2918 502 2971 ferrern
520 2916 578 2979 hoc,
597 2915 621 2969 si
637 2865 741 2972 rieneas
758 2916 787 2969 in
804 2916 852 2969 illo
864 2867 980 2970 (iumine
1020 2917 1083 2997 ⁸viiii
1100 2919 1263 2997 narraretur,
1283 2917 1355 2996 qnod

182 3002 216 3040 ne
234 2987 396 3051 statuamus,
414 2986 490 3038 vetat
508 2985 582 3037 certe
600 3000 623 3036 v.
643 2986 702 3038 615.
738 2984 783 3048 At,
819 2982 873 3037 uod
890 2985 933 3037 est
951 3000 1150 3052 gravissimum,
1169 2984 1240 3038 idem
1258 2983 1356 3038 fluvius

180 3052 259 3107 modo
289 3052 377 3106 dictus
404 3053 446 3106 est
495 3051 585 3104 iiidice
606 3066 631 3103 v.
655 3051 732 3104 591.“
767 3000 819 3105 Sei
849 3051 872 3103 si
895 3050 1030 3119 Vergilius
1059 3067 1120 3105 vere
1151 3051 1304 3120 scripsisset
1333 3059 1359 3105 et

176 3121 280 3189 pietro,
300 3119 371 3188 quod
390 3118 457 3172 satis
475 3069 605 3198 irigidum
623 3120 695 3172 esset
713 3118 867 3196 (utuntum
885 3117 983 3238 Xrocul
1002 3117 1091 3197 (vidit)
1121 3125 1147 3171 et
1170 3125 1201 3171 at
1222 3119 1357 3172 secretum

179 3188 269 3255 vidit),
289 3186 361 3240 unde
378 3186 488 3241 tandem
506 3202 533 3239 iii
552 3184 623 3238 Med.
643 3187 670 3239 et
693 3185 824 3253 plurimos
846 3184 883 3238 Co
903 3183 929 3238 d.
961 3186 1113 3254 irrepsisset
1141 3185 1221 3239 lectio
1250 3185 1357 3253 epelido

176 3259 270 3325 (quam
288 3255 373 3308 etiam
391 3253 499 3309 Servius
517 3253 657 3319 testetur),
676 3250 704 3304 in
722 3251 855 3306 Montalb.
875 3251 957 3305 etiem
970 3253 999 3304 in
1023 3251 1137 3319 peticio?
1171 3252 1257 3318 Quare
1283 3251 1358 3322 equi·

177 3324 238 3377 dem
258 3322 351 3392 potius
370 3321 496 3386 arbitror,
515 3319 641 3375 librarios
659 3318 790 3388 quosdam
810 3335 863 3373 non
880 3319 969 3372 minus
989 3335 1070 3388 quain
1079 3320 1175 3389 Wagn.
1194 3319 1311 3374 haesisse
1329 3320 1357 3374 in

178 3390 301 3459 epitheto
313 3407 328 3444 e
346 3388 445 3451 elidas,
463 3388 544 3458 idque
557 3388 700 3458 propterea
712 3387 874 3442 mutandum
887 3385 1043 3443 censuisse·
1059 3387 1185 3461 Fortasse
1201 3391 1293 3441 tamen
1305 3404 1359 3441 non

177 3458 312 3511 haesisset
365 3473 436 3525 agn,
471 3456 493 3508 si
523 3471 575 3508 non
595 3471 640 3508 eos
659 3455 737 3509 inodo
756 3455 827 3509 locos
846 3454 1050 3523 considerasset,
1078 3455 1124 3509 ubi
1142 3456 1265 3526 epdides
1283 3453 1355 3509 idem

177 3526 235 3579 fere
262 3528 305 3578 est
332 3524 404 3594 quod
433 3523 541 3592 tepidus
567 3522 666 3590 (minus
703 3521 802 3577 elidns:
833 3521 1079 3578 uslutondin.
1098 3521 1134 3590 ΙΙ,
1156 3527 1195 3588 11,
1215 3526 1254 3577 io.
1285 3522 1355 3577 Cels.

178 3593 226 3658 IV,
248 3595 285 3648 18.
314 3594 381 3645 extr.
413 3591 487 3645 Suet.
505 3591 573 3658 hug.
594 3592 637 3642 82.
690 3589 769 3644 atull.
789 3593 830 3652 46,
853 3593 875 3643 1.
894 3590 951 3656 al),
985 3590 1132 3645 sedetiam
1151 3607 1205 3658 eos,
1236 3588 1292 3655 nbi,
1326 3591 1358 3644 ut

177 3662 319 3714 edomet
332 3658 430 3711 similia
439 3658 502 3724 (vid.
514 3657 549 3711 ad
559 3657 622 3711 Geo.
632 3657 671 3710 IV
672 3696 679 3718 ‚
689 3659 766 3726 115),
776 3657 1009 3738 iuterpretandnm
1021 3660 1063 3712 est
1073 3674 1122 3727 per
1134 3656 1259 3729 frigidior
1268 3658 1357 3778 &cien-

173 3724 323 3792 1111111111).
343 3726 387 3781 Sic
396 3726 497 3779 huson.
510 3725 587 3779 Caes.
600 3727 641 3777 21.
654 3725 777 3795 Impiper
788 3725 897 3794 epelido
911 3734 1087 3780 mooetnimc
1096 3725 1212 3780 &verice
1225 3728 1260 3779 ab
1288 3733 1354 3788 atro,

176 3811 256 3866 quem
275 3810 329 3848 non
348 3795 416 3863 puto
434 3792 484 3846 hoc
499 3792 619 3861 epitheto
631 3808 741 3847 usumin
755 3792 849 3857 fuisse,
870 3793 922 3846 nisi
935 3792 993 3846 anti
1012 3793 1094 3846 uioris
1107 3794 1248 3847 cuiusdam
1259 3796 1356 3861 poetae

176 3861 328 3931 exemplum
346 3863 410 3915 ante
426 3860 517 3914 oculos
536 3858 690 3945 habuissem
709 3876 794 3946 neque
811 3860 892 3914 aliter
908 3859 978 3944 Vlia.
1070 3863 1178 3982 ώὲὡθ.
1197 3861 1230 3914 de
1246 3859 1355 3940 Albula,

175 3926 1356 4075 8182881181811118111111111111..1....,11111;111

176 4064 257 4126 bled,
277 4063 325 4118 sed
344 4063 522 4132 plurimorum
533 4061 618 4116 Codd.
632 4062 930 4143 Ι1111101111,,1111111111
943 4062 1046 4131 Heymo
1063 4077 1168 4130 quoqne
1181 4062 1210 4115 ct
1221 4059 1355 4139 Brunckio

176 4128 1175 4276 8881218838,81181888111113..118181
1196 4126 1355 4273 lillis

175 4265 360 4323 Nihilominus
379 4265 477 4334 Wagn.
509 4266 591 4319 etiam
621 4281 648 4318 iii
677 4264 776 4318 Philol.
795 4263 888 4334 Suppl.
907 4264 930 4318 I.
955 4280 981 4332 p.
1001 4268 1058 4318 350.
1089 4265 1117 4316 et
1138 4262 1297 4333 Hoffmann.
1327 4277 1356 4314 in

175 4333 313 4387 Zeieecbr.
333 4335 384 4386 etc.
406 4335 479 4386 1853.
498 4349 525 4400 p.
545 4334 601 4386 885.
632 4331 773 4385 lectionem
804 4340 829 4385 et
877 4331 951 4386 elido
978 4329 1133 4394 defendunt,
1164 4345 1245 4410 quam
1274 4329 1356 4384 etiam

176 4400 332 4469 Conington
354 4399 476 4455 retinuit.
511 4398 616 4454 Peerlk.
635 4399 748 4453 coniecit
770 4349 877 4468 promi
890 4419 910 4480 ⁰.
924 4399 1019 4467 pelido
1037 4429 1049 4440 ·
1068 4428 1080 4439 ·
1091 4398 1215 4466 flumme.
1234 4430 1267 4438 -
1285 4412 1356 4461 „ee-

175 4467 391 4591 creciimgpen
410 4483 428 4521 a
444 4466 532 4532 sociis,
553 4465 699 4520 ἀπάνευθε
726 4483 774 4535 pro
787 4466 882 4529 solum,
902 4483 929 4518 111
943 4469 1045 4521 secreto
1057 4466 1123 4530 loco,
1142 4481 1159 4520 a
1177 4465 1214 4519 ud
1226 4463 1354 4518 flumen.“

176 4535 267 4605 Hcya.
343 4535 422 4596 .n1‚
442 4537 498 4590 389.
517 4533 672 4588 secretiori
709 4532 810 4587 aminis
827 4534 937 4588 undam
957 4564 989 4572 -
1006 4534 1066 4595 611,
1094 4535 1142 4588 ad
1165 4537 1355 4587 1111111518-

174 4620 236 4724 eti
253 4602 416 4726 diffinit
438 4599 724 4736 {tibitibi
736 4602 790 4721 it
802 4599 1054 4736 tilieti.
1075 4601 1143 4722 Aili
1160 4594 1355 4720 iiiiii

177 4711 342 4819 mangoni
372 4738 447 4790 iiiii
477 4735 521 4789 iic
548 4737 590 4790 ee
606 4735 635 4813 ¹i.
655 4752 680 4804 q.
711 4735 855 4802 inprovisi.
927 4709 994 4815 eie?
1021 4708 1104 4791 miti
1121 4733 1155 4787 w
1212 4774 1217 4785 .
1244 4730 1356 4784 commi

178 4807 290 4862 sustulit
307 4807 390 4874 rnlgo
408 4806 472 4874 post
490 4803 536 4855 Eu
555 4804 682 4871 positum,
702 4818 763 4856 cuni
780 4818 875 4856 sensus
893 4817 946 4856 non
964 4805 1014 4857 sit:
1040 4803 1090 4867 En,
1117 4816 1151 4870 pe
1178 4801 1239 4852 ecta
1256 4796 1354 4863 sunt,

178 4873 237 4929 sed:
256 4875 304 4929 En
322 4887 461 4929 munera
479 4874 522 4938 (er
533 4886 585 4923 usu
603 4869 759 4939 Vergiliano
776 4869 894 4933 Nomin,
911 4885 964 4924 non
982 4870 1091 4925 Aecus:
1110 4866 1162 4921 vid.
1182 4863 1256 4928 adl,
1276 4865 1356 4929 181).

178 4940 260 5011 Hepn.
292 4940 411 4996 conferri
441 4938 519 5009 iubet
537 4938 615 4992 Hom.
634 4937 667 4992 ll.
687 4937 759 5000 XIX,
782 4941 844 4990 los
866 4969 922 4992 .-
937 4939 1116 5007 promissa.
1150 4931 1212 4988 Vid
1230 4945 1355 5011 supray.

179 5013 233 5066 531.
252 5014 281 5066 et
299 5014 360 5066 531.
385 5006 540 5079 Conington
558 5003 662 5063 confert
678 5005 740 5090 VII,
760 5009 816 5062 515.
883 5047 891 5074 ,
909 5005 1034 5077 perfecte
1052 5003 1104 5059 libi
1120 5001 1191 5059 bello
1208 5000 1356 5057 dicem
