3359 5725
589 534 703 601 cluis
724 551 756 597 v.
778 539 964 601 trs-239.
1291 540 1345 602 681

181 703 279 768 Haud
300 702 405 779 fallor,
430 738 467 750 -
489 700 575 790 quod
598 709 633 764 ut
655 722 673 762 o
694 701 814 786 potius,
836 699 1047 783 Rhamnusia,
1068 700 1164 765 fallar
1191 724 1247 764 -τ

180 788 265 851 Nam
289 796 406 874 quate
428 808 528 851 causa
550 806 610 848 nec
630 782 734 847 dulcis
757 781 875 870 pocula
895 782 1028 865 Bacchi,

180 871 250 936 Nec
270 869 426 955 gravidos
448 869 579 935 Cereris
600 867 707 932 dicam
730 868 839 932 contin
864 888 918 930 ere
939 868 1038 940 fetus3
1301 881 1352 932 230

181 953 275 1100 ssuae
297 975 397 1018 causa
419 952 463 1018 ad
485 952 626 1040 patrium
646 951 749 1015 solam
771 887 910 1037 vigilare
933 949 1047 1033 cubile,

212 1059 344 1123 empore
366 1059 430 1124 quo
451 1038 555 1101 fessas
577 1033 728 1099 mortalia
751 1043 885 1120 pectora
907 1056 1013 1116 curas,

181 1119 254 1200 Quo
276 1120 410 1207 rapidos
433 1122 530 1185 etiam
552 1119 758 1205 requiescunt
779 1116 915 1181 flumina
936 1117 1076 1182 cursus?

181 1202 245 1268 Dic
269 1226 330 1289 age
351 1226 437 1268 nunc
458 1206 598 1267 miserae
620 1199 744 1282 saltem,
766 1199 975 1288 quod·seepe
997 1203 1119 1287 petenti

179 1285 316 1351 Iurabas
338 1284 417 1352 nihil
441 1308 511 1351 esse
531 1284 619 1365 mihi,
642 1306 701 1348 cur
721 1295 847 1348 maesta
867 1287 1013 1371 parentis
1302 1298 1352 1349 235

180 1369 357 1434 Formosos
379 1371 500 1435 sucum
523 1369 574 1432 vir
599 1389 617 1432 o
639 1389 801 1433 remorere
823 1367 968 1467 capillos.

181 1452 245 1516 Hei
267 1452 345 1517 mihi
378 1475 419 1517 ne
439 1453 531 1517 furor
552 1390 607 1516 ilie
630 1460 702 1516 tuos
724 1453 884 1516 invaserit
904 1461 1005 1533 artus,

180 1534 249 1613 Ille,
270 1502 402 1601 Arabae
424 1533 580 1622 Myrrhae
602 1534 767 1622 quondam
789 1535 845 1622 qui
867 1557 903 1600 ce
929 1536 954 1599 it
976 1533 1104 1616 ocellos,

181 1618 226 1685 Ut
249 1618 370 1684 scelere
391 1618 586 1684 infando-
609 1617 696 1705 quod
717 1640 778 1682 nec
797 1619 876 1683 sinit
897 1558 1070 1701 ddrastea,
1092 1656 1132 1668 -

180 1791 388 1802 ——-

182 1907 353 1975 distinguens
370 1905 452 1959 verba
469 1905 508 1959 sic
525 1905 675 1973 coniungit:
704 1907 808 1974 mbeqit
825 1909 881 1973 (te),
901 1908 979 1959 hamt
993 1906 1102 1974 sullam·
1119 1924 1283 1975 quamquam
1300 1906 1354 1958 uti-

181 1993 244 2029 nasu
259 1974 352 2044 patim
368 1974 476 2038 fallar!
494 1973 544 2027 hae
562 1971 652 2027 adnot.
672 1973 789 2028 adiecta:
810 1974 952 2036 „Nemesis
969 1991 1032 2029 vero
1044 1974 1160 2042 Scyllam
1177 1976 1301 2042 adipem
1313 1974 1353 2027 di·

181 2043 260 2108 citur,
278 2043 411 2111 qnatenus
429 2056 487 2095 eam
507 2039 608 2095 nefario
626 2041 717 2111 aliquo
736 2058 827 2096 amore
845 2042 952 2104 imbuit,
1001 2059 1059 2095 uem
1078 2043 1194 2095 Carmen
1212 2042 1352 2110 suspicari,

180 2110 274 2164 statim
294 2111 436 2178 sequentes
453 2124 547 2163 versus
565 2109 720 2163 ostendunt.
739 2111 836 2164 Carme
852 2110 937 2190 igitur
955 2060 1026 2172 inde,
1044 2110 1114 2189 quod
1134 2109 1251 2178 Scyllam
1272 2112 1352 2163 noctu

181 2181 245 2231 ante
263 2179 348 2246 patris
366 2176 519 2230 cubiculum
536 2177 695 2245 vigilantem
713 2178 899 2247 deprehendit,
919 2195 979 2231 eam
998 2178 1081 2245 impio
1101 2178 1126 2229 in
1145 2180 1249 2246 patrem
1263 2194 1354 2231 amore

179 2261 319 2299 accensam
349 2247 438 2313 putat,
487 2261 547 2298 uem
577 2244 665 2313 ipsum
698 2262 746 2314 per
763 2247 890 2301 Nemesin
919 2262 1076 2315 quacunque
1096 2244 1128 2298 de
1148 2261 1231 2299 causa
1248 2245 1353 2325 puellae

179 2314 277 2368 iratam
296 2313 323 2365 in
342 2312 398 2366 eius
416 2329 475 2365 meu
523 2315 612 2366 ortum
636 2312 747 2366 fuisse.“
782 2313 834 2368 Sed
854 2330 934 2382 quam
954 2330 1048 2381 parum
1067 2313 1214 2382 probabilis
1232 2317 1270 2366 sit
1288 2313 1353 2366 haee

181 2382 259 2444 ratio,
280 2397 334 2449 qua
351 2381 508 2435 Subiectum
526 2379 639 2433 aVerbo
657 2396 705 2433 suo
724 2397 776 2433 non
795 2381 881 2435 solum
901 2380 1006 2434 duabus
1024 2380 1253 2434 enuntiationibus
1270 2381 1352 2434 inter·

179 2449 256 2502 iectis
288 2450 436 2515 separetur,
467 2447 513 2500 sed
544 2447 625 2500 etiam
655 2447 744 2501 media
773 2449 800 2500 in
822 2464 915 2502 earum
933 2449 1020 2501 altera
1036 2448 1125 2501 locum
1142 2447 1250 2510 habeat,
1281 2449 1352 2517 quod

178 2516 331 2570 inauditum
364 2514 490 2584 loquendi
519 2530 604 2582 genus
634 2516 693 2568 loco
723 2515 813 2570 aSilli
835 2517 860 2569 io
877 2514 975 2569 collato
994 2516 1052 2570 Vel.
1072 2516 1114 2568 Vl.
1133 2516 1164 2575 V,
1185 2520 1243 2569 247.
1274 2516 1354 2569 Haec

177 2586 236 2648 titi,
265 2586 390 2652 fatemur
415 2584 523 2651 peritur
551 2583 635 2635 tutelo
664 2599 785 2635 meorum
828 2585 962 2636 mus'tueus
989 2582 1176 2662 similibusque
1194 2583 1351 2651 neutiquam

179 2653 359 2714 confirmetur,
389 2651 443 2703 iam
462 2650 538 2704 Piitz.
569 2648 668 2715 docuit,
699 2650 745 2718 qui
773 2655 865 2705 tamen
884 2651 965 2704 etiam
983 2651 1055 2761 vulp.
1075 2650 1216 2704 lectionem
1235 2653 1311 2720 quod
1328 2659 1352 2703 te

198 2721 271 2774 otim
289 2720 346 2772 Ru.
365 2718 442 2784 follit
459 2716 496 2783 (h.
516 2734 538 2772 e.
558 2717 669 2786 decipit)
688 2720 789 2786 tuetur,
821 2720 863 2772 cui
882 2736 929 2772 nos
949 2735 1009 2773 cum
1027 2718 1132 2786 eilligio
1150 2722 1178 2772 et
1196 2719 1351 2772 recentiori·

174 2739 230 2842 hus
260 2786 408 2841 editoribus
434 2785 610 2854 praetulimus
627 2784 767 2839 Schraderi
785 2804 810 2855 p.
830 2790 871 2840 60.
891 2787 1104 2841 emendationem
1124 2790 1202 2855 qaod
1218 2795 1248 2838 ut
1266 2805 1282 2837 o
1300 2806 1351 2855 po-

178 2857 240 2921 tius,
259 2856 313 2909 th.
328 2855 442 2925 fallar!
459 2853 499 2908 De
517 2856 594 2924 qaod
610 2859 639 2904 at
656 2852 708 2910 vid.
728 2870 810 2924 supra
827 2853 860 2909 ad
882 2872 905 2909 v.
928 2857 990 2919 150.Ι
1019 2855 1059 2909 De
1079 2854 1287 2907 Rhamnusia
1305 2872 1351 2908 an-

180 2928 245 2986 tem,
264 2924 281 2977 i.
301 2939 323 2976 c.
335 2922 451 2989 Nemesi,
471 2938 539 2991 quae
556 2921 605 2975 hoc
622 2938 717 2975 nomen
736 2921 855 2976 habebat
873 2923 1080 2982 aRhamnunte
1097 2923 1205 2976 Atticae
1222 2923 1288 2981 vico,
1307 2924 1354 2976 ubi

179 3007 358 3045 marmoreum
377 2990 551 3044 simulacrum
568 2990 601 3043 ab
619 2990 642 3042 A
662 2990 785 3051 oraerito,
813 2991 925 3044 Phidiae
943 2990 1084 3059 discipulo,
1103 2991 1125 3042 ei
1144 2994 1204 3043 erat
1221 2991 1353 3044 constitu·

178 3062 247 3125 tum,
266 3059 299 3112 cf.
318 3057 396 3113 (lvid
415 3058 480 3112 rtet.
502 3057 552 3120 ΙΙΙ,
570 3060 627 3110 406.
672 3057 717 3120 IV,
737 3061 794 3111 694.
824 3059 906 3112 Trist.
926 3059 957 3119 V,
976 3062 1000 3121 8,
1018 3064 1042 3112 u.
1061 3058 1160 3110 Catuli.
1179 3057 1275 3118 LXIV,
1293 3062 1350 3112 396.

177 3126 472 3206 al.etquaee1posui
496 3125 523 3178 in
541 3124 608 3178 Paul
644 3124 816 3194 Realeumcl.
836 3126 883 3182 VI.
903 3143 927 3194 p.
949 3128 1025 3191 388.).
1044 3156 1076 3163 -
1094 3123 1158 3184 230.
1187 3126 1352 3192 yrcrvidor

178 3197 311 3249 Cereres
329 3197 428 3258 setus.
465 3192 525 3246 Vid.
546 3192 580 3246 ad
624 3208 661 3245 eo.
680 3192 717 3254 II,
740 3196 794 3246 ¹43.
822 3194 963 3254 et1,319.
994 3226 1004 3230 -
1033 3192 1098 3252 ‘231-
1129 3195 1220 3254 Quae
1249 3212 1351 3246 carisa

176 3261 245 3327 (scil.
276 3261 327 3317 tibi
353 3261 432 3325 esti)
461 3277 508 3329 pro
535 3259 609 3328 vulg.
630 3263 691 3318 Quo
714 3262 864 3325 assaumis
885 3262 1137 3330 aauptioservato
1157 3261 1217 3316 Silli
1238 3262 1351 3314 .esuis

177 3330 261 3384 Codd.
280 3329 409 3384 restituit.
444 3329 484 3382 De
501 3327 638 3382 Infinitive
656 3343 704 3394 pro
723 3328 847 3382 Genitivo
866 3328 994 3383 Gerundii
1012 3328 1100 3396 posito
1119 3329 1173 3382 vid.
1192 3346 1208 3381 a
1229 3333 1297 3382 nott.
1316 3328 1351 3382 ad

177 3398 242 3453 (ico.
260 3398 283 3460 1.
302 3402 359 3451 305.
377 3397 414 3457 Il,
435 3401 475 3452 7³.
494 3396 559 3449 Aen.
579 3396 600 3456 I,
619 3400 676 3447 tut.
694 3395 728 3450 ai.
747 3427 779 3435 —
797 3394 861 3457 232.
893 3399 1119 3466 requiescunt,
1144 3397 1284 3450 transitive
1300 3414 1350 3476 pro

177 3466 327 3528 retardant,
356 3467 389 3518 ut
405 3464 461 3518 Ecl.
480 3464 555 3524 Vlll,
574 3467 607 3523 4.,
636 3480 714 3531 quom
733 3464 846 3533 Vergilii
873 3465 964 3518 locum
992 3468 1086 3519 auctor
1112 3465 1193 3518 huius
1224 3464 1350 3533 ceronsis

177 3533 259 3604 paulo
277 3532 405 3588 audacius
424 3536 466 3586 est
483 3531 616 3585 imitatus.
644 3530 686 3586 Cf.
704 3531 786 3586 etiam
804 3533 895 3586 Iacob.
914 3533 948 3586 ad
965 3533 1044 3602 Prop.
1063 3550 1090 3601 p.
1112 3536 1159 3586 164
1176 3550 1217 3601 sq.
1235 3564 1266 3571 -
1283 3530 1349 3593 235.

177 3601 365 3661 sibilasse,
392 3599 494 3654 nullius
512 3599 643 3653 momenti
660 3615 733 3662 esse;
762 3603 794 3653 ut
812 3601 877 3654 alibi
895 3601 1007 3670 alequid
1031 3618 1087 3654 ease
1104 3602 1122 3656 i.
1160 3601 1276 3669 .1nagni
1294 3619 1349 3653 mo-

177 3668 264 3724 menti
281 3685 348 3730 esse,
366 3667 484 3721 multum
501 3667 597 3722 valere.
626 3666 667 3720 Cf.
687 3667 758 3721 inira
775 3685 799 3722 v.
819 3672 878 3722 331.
912 3669 965 3722 Pro
983 3669 1056 3738 vulg.
1073 3688 1133 3723 cam
1178 3670 1301 3737 auptium
1324 3671 1351 3722 ct

176 3737 340 3807 posteriores
352 3736 428 3790 editt.
441 3736 528 3791 secuti
541 3734 689 3803 recepimus
700 3754 758 3802 cur,
797 3737 849 3789 uod
868 3737 921 3791 iam
940 3738 1026 3806 Heyn.
1047 3740 1075 3790 et
1087 3737 1161 3790 Putz.
1181 3736 1350 3790 commenda-

175 3807 281 3859 verant.
311 3835 342 3841 -
370 3801 436 3864 236.
467 3804 535 3858 Cum
567 3802 663 3857 iisdem
694 3803 790 3857 editori
810 3820 841 3857 us
870 3805 1038 3858 restituimus
1067 3805 1238 3873 antiquarum
1269 3805 1349 3856 editt.

176 3873 321 3926 lectionem
331 3888 466 3924 remorere
476 3872 587 3939 (Haupt.
599 3873 758 3936 remorare),
772 3875 899 3941 corrupta
911 3871 977 3925 Cod.
992 3871 1088 3924 Adalb.
1102 3871 1236 3940 scriptura
1247 3888 1353 3923 reniero

175 3941 244 3994 satis
273 3940 416 3993 firmatam.
453 3938 510 3992 Silli
533 3982 538 3992 .
569 3938 681 3992 retinuit
710 3938 782 4007 vulg.
801 3957 945 4000 urorerero,
970 3943 1002 3990 ut
1028 3939 1101 3990 mori
1116 3939 1193 3991 eirca
1210 3955 1258 4005 pro
1279 3939 1353 3990 seori

198 4016 298 4129 ..tu
319 4006 480 4132 mliii
508 4005 1169 4126 ..muti’'ti’tttttit‘ttivetut
1182 4005 1351 4127 ,Vtilis

174 4094 307 4210 soluou‘
324 4092 426 4212 dapilli
434 4090 485 4194 qdb
513 4156 567 4194 uno
597 4155 731 4208 purpureo
749 4141 821 4193 crine
839 4139 897 4193 inte
922 4141 928 4153 ’
950 4139 1011 4193 cudi
1028 4140 1091 4195 sint.
1112 4178 1113 4182 .
1128 4138 1179 4194 Sed
1200 4156 1284 4209 noque
1302 4139 1351 4193 illa

175 4210 341 4267 constructio
367 4209 430 4263 aliis
447 4210 586 4328 qoetarum
605 4207 665 4261 Lat.
684 4208 812 4276 exemplis
829 4224 937 4277 compro
958 4209 1006 4272 ari,
1035 4223 1121 4277 neque
1140 4207 1214 4261 Plur.
1232 4209 1351 4274 serutari

174 4279 278 4350 capilli
305 4294 353 4346 pro
371 4277 473 4345 Siagu.
504 4276 608 4344 positus
627 4274 669 4328 hic
688 4275 752 4329 ferri
767 4279 869 4355 potest,
899 4277 945 4330 ubi
964 4275 1064 4329 diserte
1082 4292 1151 4328 unus
1171 4277 1250 4330 modo
1268 4276 1349 4329 erinis

115 4434 123 4452 ·
174 4345 543 4468 ttllt⁰¹3³ttl⁰¹i¹¹¹u
560 4341 911 4479 ²3⁷rs¹i⁶im²htd³ii
923 4344 1034 4465 iiiii
1046 4344 1202 4466 iuviti
1222 4342 1347 4464 esibili·

174 4484 239 4537 hiet.
259 4459 293 4542 ΙΙ,
313 4484 362 4534 298
382 4456 438 4549 sqq.
467 4453 516 4533 'Gi
546 4479 629 4532 etiam
647 4427 791 4548 Hygqlab.
814 4482 854 4532 58.
874 4483 902 4532 et
919 4429 1005 4534 wllz.
1024 4480 1051 4532 io
1070 4479 1156 4558 Pauly
1175 4479 1349 4546 Realeneyal.

174 4551 207 4602 V.
227 4566 254 4618 p.
274 4552 330 4603 301.
366 4549 482 4601 Araba
499 4547 599 4601 dicitur
616 4546 739 4614 Cinyrae,
758 4546 921 4616 Paphiorum
940 4547 966 4600 iu
986 4550 1074 4625 Cypro
1092 4564 1171 4615 regrs,
1191 4546 1255 4610 filia,
1287 4545 1350 4614 quia

174 4619 242 4686 luga
270 4616 298 4670 iu
316 4615 444 4670 Arabiam
473 4615 564 4668 delata
592 4615 682 4684 ibique
708 4614 735 4667 iu
754 4614 875 4667 arborem
894 4631 1079 4683 cognominem
1097 4617 1205 4668 mutata
1222 4615 1272 4667 est.
1307 4613 1349 4665 Cf.

174 4683 253 4739 Ovid.
266 4684 285 4738 l.
297 4683 316 4737 l.
331 4700 354 4738 v.
373 4688 431 4736 477.
451 4683 564 4736 Arabae
576 4686 666 4736 autem
681 4699 728 4751 pro
743 4682 816 4749 vulg.
829 4683 932 4736 Araba
943 4700 973 4736 ex
986 4681 1070 4737 Codd.
1091 4682 1174 4736 Behd.
1193 4683 1221 4735 et
1233 4681 1348 4734 Helmst.

175 4753 261 4822 Sillig.
288 4751 433 4817 revocavit,
465 4749 523 4803 coll.
543 4751 622 4818 Verg.
642 4752 708 4805 Aen.
730 4749 866 4814 v11,oos.
897 4752 924 4802 et
941 4751 1033 4804 Heius.
1062 4751 1096 4803 ad
1113 4748 1189 4804 Ovid.
1209 4749 1272 4802 Her.
1292 4748 1349 4813 XV,

175 4827 216 4876 it.
235 4852 269 4861 -
286 4817 351 4881 239.
372 4819 444 4873 Satis
462 4818 620 4886 languidum
639 4817 706 4871 illud
723 4816 940 4871 additamentum
958 4821 1036 4887 quod
1051 4835 1100 4870 nea
1117 4818 1184 4869 sinit
1199 4817 1348 4878 Adrastea,

174 4888 308 4956 imprimis
328 4904 388 4940 cum
406 4887 488 4941 verba
505 4886 572 4939 rr'ait
590 4888 730 4939 Adrastea
748 4901 808 4938 vere
826 4883 1014 4940 desiderentur
1032 4886 1058 4937 in
1074 4885 1138 4939 Cod.
1152 4883 1245 4950 Rehd,
1262 4884 1348 4953 Sillig.

176 4973 207 5011 ex
231 4954 442 5024 interpolatione
464 4954 553 5008 ortum
570 4957 712 5023 totumque
729 4953 816 5006 locum
835 4955 991 5021 corruptum
1010 4957 1109 5006 censet.
1136 4986 1165 4992 -
1195 4969 1244 5007 uec
1261 4953 1348 5020 Sillig.
