3359 5725
357 594 415 658 178
707 591 743 657 Ρ.
764 591 953 659 VERGIH
972 592 1173 658 MARONIS

264 761 266 766 ’
352 755 558 820 Praecedunt
579 777 794 844 gressumque
817 779 915 823 canes
937 760 1131 824 comitantur
1153 759 1300 826 herilem.

353 838 503 925 Hospitis
526 839 656 904 Aeneae
678 839 787 904 sedem
810 850 843 905 et
864 853 992 906 secreta
1013 840 1146 928 petebat

353 920 543 986 Sermonum
566 944 689 988 memor
711 933 743 987 et
765 926 918 1011 promissi
939 927 1083 989 muneris
1104 924 1210 990 heros

352 1004 420 1069 Nec
443 1008 549 1069 minus
571 1008 699 1070 Aeneas
721 1028 756 1071 se
778 1010 956 1072 matutinus
980 1008 1108 1092 agebat

352 1085 457 1152 Filius
480 1088 555 1153 huic
575 1088 697 1166 Pallas,
717 1089 765 1153 illi
785 1112 896 1154 comes
919 1090 990 1155 ibat
1012 1091 1164 1156 Achates.

352 1169 422 1236 (lon
448 1174 528 1236 rossi
550 1173 688 1257 iungunt
709 1172 845 1237 dextras
866 1173 1047 1261 mediisque
1066 1174 1217 1239 residunt

352 1253 436 1317 Aedi
461 1277 499 1318 us
521 1264 554 1318 ct
573 1254 661 1320 licito
683 1255 817 1320 tandem
838 1278 988 1321 sermone
1009 1258 1171 1323 fruuntur.

349 1335 423 1400 Rex
444 1338 536 1423 prior
557 1337 652 1404 haec:

349 1621 422 1675 recte
450 1620 601 1675 defendisse
633 1621 709 1688 puto.
745 1619 832 1675 Iacob.
852 1619 984 1689 Disquisa.
1003 1618 1117 1689 Vorglll.
1136 1620 1166 1675 P.
1184 1622 1206 1675 I.
1224 1637 1251 1689 p.
1273 1624 1325 1685 12,
1349 1622 1451 1693 siquid
1464 1638 1507 1675 nr·

350 1688 464 1743 tandum
482 1689 527 1750 sit,
557 1688 651 1740 limine
668 1689 703 1740 ab
725 1688 737 1740 i
754 1705 785 1740 ao
804 1686 887 1740 scribi
903 1687 991 1752 malit,
1017 1686 1143 1757 idemque
1160 1689 1270 1744 coniicit
1287 1690 1377 1753 lehn,
1395 1707 1451 1744 cum
1464 1689 1507 1743 la·

349 1757 420 1811 croh.
433 1758 466 1821 V,
477 1760 492 1811 8
512 1759 536 1813 6.
567 1758 642 1809 Aba.
652 1754 710 1808 Ian.
735 1756 817 1808 enine
829 1755 858 1807 in
874 1756 936 1825 ipro
954 1754 1079 1809 exhibeat
1101 1756 1147 1809 ubi
1158 1760 1249 1811 tamen
1262 1757 1291 1811 in
1304 1758 1371 1812 edit.
1383 1758 1439 1828 Bip.
1449 1774 1470 1826 p.
1479 1761 1507 1811 tl

349 1825 442 1878 leniae
468 1797 503 1877 ad
561 1841 578 1876 o
596 1822 716 1901 legitur).
751 1821 827 1876 ldem
845 1820 893 1876 Vir
910 1823 990 1886 doct,
1021 1823 1045 1875 si
1128 1825 1202 1878 atam
1220 1825 1397 1890 retineamus,
1425 1823 1507 1879 nonde

348 1890 441 1945 limine
470 1890 576 1960 proprie
605 1889 677 1942 dicto
708 1891 765 1956 (die
792 1890 926 1944 Schwella
953 1892 1003 1944 dee
1032 1889 1152 1959 Homer)
1183 1892 1375 1961 cogitandum,
1409 1892 1453 1947 aed
1475 1896 1507 1944 tc

348 1961 404 2012 tem
436 1957 545 2011 domum
572 1956 673 2026 regiam
703 1956 850 2026 significari
898 1960 967 2018 utet,
999 1973 1068 2026 quae
1091 1974 1123 2012 ex
1140 1960 1275 2013 communi
1345 1965 1433 2015 tarum
1450 1960 1507 2014 bon

348 2042 399 2079 usn
429 2027 489 2079 altu
519 2023 635 2090 dicatur,
672 2024 730 2078 coll.
758 2025 854 2094 Wagn.
960 2023 1040 2079 Ver.
1075 2024 1137 2095 XL,
1174 2030 1196 2080 l.
1230 2032 1259 2081 et
1333 2045 1414 2083 vena.
1445 2029 1506 2081 Nost

347 2092 374 2144 H
411 2135 417 2146 .
449 2093 504 2158 III,
536 2095 577 2144 ²6.
604 2122 638 2132 —-
665 2090 731 2152 462.
765 2094 982 2147 Praeceduct
1042 2108 1102 2160 eyn.
1138 2109 1169 2148 er
1202 2094 1329 2162 plurimis
1367 2095 1508 2165 optimisque

348 2160 385 2212 Co
405 2159 430 2212 d.
459 2159 603 2213 revocavit.
640 2158 728 2229 Vulgo
756 2163 917 2231 procedant,
950 2158 1022 2228 quod
1052 2161 1090 2226 (in
1112 2159 1172 2215 Pul.
1204 2177 1221 2214 a
1249 2179 1285 2215 m.
1305 2180 1357 2282 ἓν.
1388 2163 1507 2239 scriptun}

347 2230 460 2295 propter
500 2225 623 2280 additum
663 2229 774 2281 verbum
810 2230 974 2282 comitantum
1010 2229 1111 2281 temere
1147 2228 1270 2283 defendit
1332 2230 1415 2297 eins,
1465 2244 1508 2282 um

348 2294 594 2417 &dimidiat
613 2293 910 2418 vdddlddrunhiccadtddr’n
928 2295 1507 2442 ssbcfflndotididsmoidnistdrdontmem

347 2429 522 2483 manifestum
552 2435 602 2484 est.
637 2429 678 2485 Cf.
708 2430 742 2485 do
770 2430 821 2485 hoc
838 2430 945 2484 dicendi
983 2446 1061 2484 encre
1077 2430 1150 2484 Gort.
1177 2430 1211 2485 ad
1229 2432 1330 2487 Lucan.
1349 2432 1373 2496 1,
1393 2436 1448 2488 688.
1472 2430 1507 2507 lll,

348 2501 406 2551 600.
424 2496 471 2561 VI,
489 2502 548 2552 451.
577 2501 605 2552 et
634 2497 748 2553 Gronov.
776 2498 812 2552 ad
839 2497 930 2553 Senec.
981 2497 1057 2552 hoen.
1080 2500 1135 2552 112.
1164 2499 1305 2553 a'lhielio
1334 2499 1448 2554 laudati.
1476 2499 1508 2552 Su

347 2564 429 2618 etiam
447 2566 479 2632 V,
498 2569 538 2619 76.
569 2566 673 2619 Aeneae
706 2565 729 2619 it
756 2584 859 2635 mapno
874 2565 1008 2619 medius
1026 2566 1171 2620 comitante
1187 2574 1308 2621 caterva.
1344 2568 1428 2621 Recte
1444 2567 1449 2579 ’
1468 2567 1508 2617 'tn

347 2648 438 2685 omnes
456 2633 617 2687 recentiores
637 2632 752 2688 editores
766 2636 941 2705 praecedant
957 2632 1136 2686 retinuerunt.
1154 2663 1188 2672 -
1204 2651 1355 2702 pressum
1372 2635 1445 2689 beri
1462 2650 1509 2692 ιι,

347 2700 366 2751 i.
388 2715 410 2753 e.
429 2698 496 2766 heri,
515 2705 547 2752 ut
564 2699 627 2765 VH,
646 2703 702 2754 290.
722 2718 814 2755 necea
830 2701 934 2755 basim.
952 2730 984 2738 -
1001 2698 1066 2759 463.
1096 2708 1262 2767 „secretaz
1293 2706 1403 2771 partem
1420 2702 1472 2757 aelli

347 2765 509 2833 interiorem,
541 2766 575 2820 ed
597 2782 679 2835 quam
697 2768 814 2823 Aeneam
833 2768 938 2837 vesperi
955 2766 1116 2834 deduxerat3
1144 2767 1208 2822 (leo.
1229 2768 1276 2832 Ν,
1296 2774 1354 2825 lot.
1374 2772 1408 2823 ln
1423 2776 1507 2823 seem

347 2834 418 2887 cenes
448 2836 575 2890 duram.“
609 2835 697 2903 Hepn.
734 2837 890 2903 „secretum
921 2838 1012 2890 autem
1042 2836 1143 2900 locum,
1182 2836 1269 2891 cubile
1300 2838 1420 2906 Aeneae,
1446 2836 1507 2907 petiit

348 2901 480 2963 Evander,
511 2905 606 2971 utpote
634 2902 667 2958 de
685 2921 791 2959 summa
809 2921 897 2958 rernm
917 2904 1081 2973 colloquium
1098 2920 1158 2958 cunr
1176 2904 1222 2957 illo
1241 2905 1434 2970 instituturus;
1460 2904 1507 2958 hinc

346 2970 393 3023 ille
424 2971 518 3024 licitus
540 2986 628 3024 senno
646 2987 669 3026 v.
689 2975 756 3039 468,
788 2980 839 3042 quo
857 2973 985 3026 fruuntur
1001 2972 1111 3025 remotis
1128 2971 1267 3026 arbitris.“
1310 2974 1406 3044 Wapn
1439 2970 1506 3026 Sicn'

347 3038 436 3092 locum
466 3039 596 3107 capimus,
626 3054 676 3093 nec
705 3039 738 3093 de
754 3043 880 3108 separate
897 3040 930 3094 ab
950 3040 1009 3108 ipsa
1026 3038 1101 3106 regia
1118 3039 1180 3093 sede
1198 3041 1361 3107 cogitamus,
1391 3041 1452 3095 haee
1466 3053 1505 3092 non

345 3105 477 3160 dissident
506 3107 539 3161 ab
570 3106 612 3173 iis,
643 3122 711 3176 qnae
740 3123 822 3177 snpra
844 3124 870 3161 r.
890 3111 939 3161 359
958 3123 1017 3177 sqq.
1036 3107 1158 3174 legimus.
1194 3107 1322 3162 Ceterum
1340 3109 1375 3163 cl.
1394 3109 1453 3163 (leo.
1470 3103 1504 3165 ll,

344 3178 402 3228 40³.
422 3178 450 3228 et
466 3175 532 3228 hen.
551 3174 599 3240 VI,
620 3178 657 3228 10.
695 3175 821 3229 Ceterum
854 3175 887 3228 de
904 3174 1090 3228 coniunctione
1107 3175 1248 3228 verborum
1267 3178 1359 3229 raian
1378 3185 1406 3230 et
1421 3179 1505 3229 m

344 3240 396 3294 vid.
416 3240 450 3295 ad
469 3242 533 3297 Geo.
553 3241 576 3307 I,
597 3246 652 3297 173.
681 3245 709 3296 et
728 3243 762 3297 al.
780 3273 814 3282 -—
834 3242 900 3303 464.
928 3243 1100 3313 promissi
1127 3244 1281 3298 muueris.
1318 3244 1503 3312 Vid.supnr.

346 3312 393 3362 170
412 3327 425 3362 s
447 3350 452 3362 .
471 3339 503 3348 —-
522 3309 628 3362 beroe
664 3309 724 3364 Vid.
749 3326 832 3378 supra
854 3310 890 3364 ad
908 3326 932 3364 v.
952 3314 1008 3363 370.
1030 3308 1145 3370 -465,
1174 3310 1241 3364 Nec
1271 3312 1505 3387 minueAeneer

344 3377 408 3439 ete,
425 3377 436 3427 i
456 3390 538 3443 eoque
555 3374 626 3429 alter
643 3377 724 3430 alteri
743 3377 849 3430 obviam
868 3375 991 3445 procedit
1007 3379 1036 3430 et
1052 3376 1080 3429 in
1097 3379 1195 3432 nediu
1212 3379 1337 3442 mehor,
1357 3377 1504 3434 hauddubie

343 3443 371 3494 in
389 3443 466 3504 atrio,
498 3442 544 3494 nbi
562 3458 610 3495 arc
627 3442 774 3497 domestica
793 3447 835 3497 est
852 3445 942 3514 posita
959 3446 995 3508 (v.
1015 3446 1094 3511 542).
1113 3445 1184 3499 inter
1201 3461 1230 3499 se
1247 3462 1296 3499 con
1332 3447 1463 3502 odiuntur.
1478 3472 1498 3482 ·

342 3511 543 3575 matutinus,
574 3510 698 3573 ὑπηοῖος.
734 3511 793 3564 Vid.
816 3511 852 3565 ad
869 3512 916 3574 1v,
935 3515 992 3566 303.
1013 3513 1070 3566 609,
1091 3512 1137 3575 VI,
1158 3516 1215 3566 252.
1234 3516 1263 3567 et
1310 3533 1420 3569 .-re
1443 3526 1502 3580 ope·

343 3577 444 3640 bam
469 3580 555 3644 έρετο,
574 3576 726 3631 incedebat.
760 3578 1131 3645 cr.v1,3ae.et1X,6eu
1165 3579 1209 3633 Sic
1227 3581 1309 3634 etiam
1328 3581 1419 3639 Plaut,
1438 3580 1501 3634 llcat

342 3643 364 3704 Ι,
383 3648 408 3706 4,
428 3596 468 3699 lg
488 3646 562 3696 unde
579 3645 641 3712 apis
658 3645 701 3698 te!
720 3648 748 3699 et
765 3645 824 3699 Ter.
842 3646 926 3699 Andr.
938 3645 985 3709 IV,
1004 3649 1028 3708 2,
1047 3649 1088 3698 25.
1105 3664 1161 3715 quo
1180 3647 1244 3700 bine
1261 3655 1287 3701 te
1349 3651 1355 3663 “
1373 3651 1387 3703 3
1404 3649 1448 3703 uhi
1461 3645 1501 3699 rid

343 3710 466 3774 Bubul.;
494 3710 587 3764 eodem
606 3728 640 3765 ne
657 3728 738 3767 sensu
754 3729 783 3767 ae
799 3713 907 3783 smel
943 3713 949 3725 ’
980 3713 1061 3780 usV,
1082 3715 1138 3767 290.
1158 3714 1297 3777 V11‚4ea
1340 3717 1394 3784 111,
1414 3713 1500 3771 1⁹9.st

342 3779 554 3832 -buic-s'lli
598 3797 628 3833 ιε
648 3780 779 3835 ectaveria
797 3781 888 3850 potius
905 3782 918 3833 ι’
939 3781 952 3833 ι’
969 3810 980 3822 -
997 3810 1009 3821 -
1027 3780 1108 3849 baic5
1126 3781 1174 3835 sed
1191 3781 1253 3836 vide
1271 3799 1356 3853 snpra
1372 3785 1407 3839 ad
1424 3802 1446 3837 r.
1458 3785 1500 3835 tlt

341 3845 449 3926 educit...
468 3876 501 3884 —
526 3844 591 3907 467.
623 3795 712 3902 derbe
744 3848 928 3917 Conpreaas'
956 3848 1096 3969 iafifunt
1127 3850 1263 3903 destrae
1296 3855 1454 3921 repetuntur
1480 3847 1499 3900 ir

340 3914 450 3968 Ausoun
479 3917 548 3968 cent.
580 3915 658 3985 nupt.
689 3919 728 3971 82.
765 3917 892 3972 Ceterum
920 3915 955 3970 cl.
1028 3957 1036 3981 ,
1066 3918 1107 3969 83.
1131 3945 1163 3955 -
1187 3919 1334 3980 „mediis
1368 3921 1499 3974 aediles:

340 3982 423 4037 etiam
452 3981 503 4035 hoc
530 3981 565 4036 ad
597 3983 712 4038 formam
745 3985 852 4038 aedium
870 3981 972 4037 heroici
989 3985 1055 4050 aevi,
1084 3983 1112 4036 in
1130 3984 1227 4052 quibus
1245 4000 1260 4038 e
1277 3986 1415 4041 vestibulo
1430 3983 1501 4054 δόμος

340 4055 400 4118 (pro
430 4066 482 4120 qno
500 4049 682 4105 Romanorum
710 4053 811 4106 atrium
831 4052 895 4119 fuit)
913 4050 1095 4105 introeuntem
1114 4051 1264 4120 excipiebat
1280 4069 1330 4122 per
1347 4057 1422 4109 totas
1438 4051 1500 4107 sede·

357 4120 451 4182 atens;
470 4117 615 4173 inintimo
633 4135 740 4174 recessu
758 4122 834 4174 locus
853 4136 914 4174 cum
931 4117 1089 4172 Penatibus.
1108 4118 1169 4172 Vid.
1188 4118 1260 4173 infra
1276 4136 1301 4176 v.
1322 4124 1404 4175 541.“
1430 4121 1500 4187 Hm

339 4134 410 4248 Buid
440 4185 508 4238 aliae
525 4185 639 4241 Romani
668 4187 748 4241 verbo
778 4188 885 4240 medice
915 4188 998 4239 aedes
1028 4185 1180 4254 significare
1201 4186 1319 4255 soleant,
1351 4181 1500 4261 vidimnssd

340 4250 403 4304 Aen.
422 4251 459 4314 ll,
480 4255 538 4305 512.
573 4254 702 4308 Imitatur
719 4254 746 4307 h.
764 4254 784 4307 l.
807 4255 877 4309 Stat.
898 4253 981 4308 Theb.
998 4253 1036 4313 Π,
1058 4256 1105 4307 148
1124 4269 1181 4322 sqq.
1207 4262 1359 4324 postquem
1377 4258 1500 4311 nemra

338 4316 448 4370 sedidem
465 4318 547 4372 calce
566 4319 720 4389 Conpreesr‘,
740 4321 822 4390 inque
840 4323 926 4376 vicen
942 4323 1054 4375 dextras
1071 4321 1190 4383 iunxere,
1220 4323 1249 4375 lo
1365 4365 1373 4388 ,
1405 4327 1459 4384 Quo
1471 4335 1501 4372 sc·

339 4400 400 4437 rere
417 4403 537 4438 arcanae
553 4395 648 4456 opham
666 4395 748 4456 utqree
764 4390 887 4443 evolvere
905 4407 993 4453 meua,
1012 4389 1149 4443 incidisset.
1169 4418 1203 4426 —
1220 4339 1423 4450 iwrio
1448 4404 1500 4443 scr·

338 4469 442 4533 mone,
466 4468 553 4522 quem,
574 4454 684 4508 remotis
704 4455 829 4536 omnihus
850 4457 970 4536 arbitris,
1000 4460 1061 4510 tuto
1079 4457 1151 4510 inter
1168 4472 1197 4509 se
1216 4457 1339 4536 conterre
1359 4458 1394 4513 iis
1410 4456 1500 4536 liccbcl

338 4518 407 4642 tur.
420 4519 613 4668 lerur-
633 4589 876 4713 uri,
893 4523 1500 4712 ueueueeruruummu

338 4671 481 4778 litet?
510 4656 714 4777 tetulit.
741 4657 848 4781 “ribo
870 4659 1127 4781 turult?
1146 4658 1502 4786 tlulrttllht

337 4723 415 4843 deporto
443 4793 553 4845 tandem
580 4809 705 4871 sermone
760 4768 868 4848 eumeni·
899 4793 998 4864 repetit
1025 4795 1127 4874 Auson.
1154 4793 1174 4847 l.
1203 4793 1222 4847 l.
1245 4810 1271 4847 v.
1295 4798 1338 4875 ⁸¹:
1373 4797 1501 4852 Praetem

338 4856 371 4911 cl.
390 4873 472 4938 supra
490 4859 551 4927 VII,
570 4863 613 4915 90.
631 4860 790 4940 trusumque
808 4865 922 4916 deomm
941 4860 1096 4931 Colloqmc.
1116 4891 1149 4900 —
1167 4859 1232 4921 469.
1263 4861 1438 4920 Facillimum
1455 4861 1500 4918 cul

337 4938 442 4977 versum
460 4927 647 5005 imperfectum
665 4929 751 4982 vitare
767 4929 920 5010 scribendo:
952 4928 1014 4982 Rae
1029 4929 1113 5008 prior
1133 4930 1216 4983 boec.-
1246 4928 1387 4988 Teucrum
1409 4935 1501 4991 &idco
1550 4979 1552 5021 l

336 5001 509 5061 preoccupare
527 5012 690 5065 numquam
719 4995 766 5050 sed
784 4995 872 5051 noluit
888 5000 968 5066 poeta
984 4995 1078 5050 abesse
1096 4995 1166 5051 illud
1185 4995 1326 5063 mnam,
1356 4999 1429 5070 qnod
1449 5008 1501 5051 sm
1551 5026 1552 5066 ,
