3359 5725
300 589 324 633 x
445 534 448 538 ’
508 567 780 633 rnoounuuii
803 567 1036 633 nomionis
1059 567 1266 633 nnumin.

301 733 483 797 notationes
506 738 552 799 ita
573 737 607 799 in
633 758 731 801 ununi
756 737 944 800 coniunctas
968 735 1155 810 contineret,
1177 743 1213 826 ut
1242 755 1324 821 quae
1347 734 1474 800 abillis

301 815 352 880 vel
366 838 511 963 prorsus
540 841 581 883 ne
605 817 707 901 lecta,
738 819 790 883 vel
813 817 918 883 obiter
939 827 1063 882 tantum
1086 828 1337 883 commemorata
1358 827 1474 900 essent,

301 922 364 986 pru
389 910 479 962 enter
510 842 676 989 suppleret
712 912 744 966 et
772 911 906 986 augeret
933 902 1107 988 variasque
1142 922 1250 965 eorum
1285 903 1472 975 sententias,

302 1005 401 1069 saepe
424 984 458 1045 in
479 983 721 1050 diversissimas
750 994 859 1071 partes
882 984 1053 1064 abeuntes,
1083 984 1227 1049 breviter
1258 983 1474 1050 examinando

300 1064 353 1129 vel
385 1067 623 1152 comprobaret,
651 1067 703 1133 vel
730 1070 881 1133 reiiceret
911 1077 942 1131 et
972 1069 1101 1132 veriora
1134 1069 1174 1131 iis
1204 1067 1422 1149 substitueret,
1444 1077 1476 1132 et

301 1172 373 1212 cuin
397 1151 523 1235 priores
545 1151 696 1233 editores,
719 1154 746 1214 si
767 1150 916 1215 lahniuni
938 1149 1182 1235 etWagnerum
1206 1153 1385 1250 exceperis,
1406 1159 1475 1214 tan-

299 1242 368 1295 tum
390 1255 455 1295 nou
477 1257 587 1298 omncs
609 1238 643 1298 in
664 1234 734 1299 sola
753 1258 861 1298 rerum
889 1245 921 1299 et
946 1231 1119 1297 verborum
1142 1233 1361 1319 explicatione
1383 1255 1474 1298 oecu-

299 1316 369 1401 pati
390 1318 623 1400 grammaticas
646 1319 789 1382 rationes
812 1320 878 1381 fere
892 1339 1026 1404 prorsus
1044 1317 1248 1401 neglexerint
1268 1328 1300 1381 et
1313 1318 1474 1402 imprimis

214 1400 216 1402 ’
242 1429 245 1435 ·
299 1397 533 1484 particularum
546 1423 642 1465 veras
656 1401 909 1486 significationes
932 1401 1119 1485 ignorantes
1138 1400 1191 1464 vel
1205 1399 1420 1487 despicientes
1442 1401 1475 1464 in

299 1480 408 1545 multis
430 1480 511 1546 locis
532 1483 785 1569 interpretandis
805 1485 953 1567 graviter
973 1484 1165 1558 erraverint,
1189 1483 1250 1547 has
1272 1506 1399 1582 quoque
1421 1506 1474 1547 res

300 1566 530 1648 grammaticas
547 1568 639 1630 iuxta
653 1589 725 1630 cum
740 1567 884 1630 metricis
899 1577 931 1629 et
947 1564 1129 1651 prosodicis
1141 1577 1324 1631 accuratius
1334 1567 1474 1651 respice·

299 1659 365 1729 rct3
388 1670 489 1734 quare
511 1649 661 1737 equidem
683 1648 725 1713 ad
745 1649 843 1713 talem
865 1648 1039 1713 editionem
1061 1649 1239 1713 curandam
1262 1672 1313 1714 me
1335 1650 1475 1730 accinxi,

301 1753 396 1817 quae,
419 1742 577 1818 quantum
594 1733 665 1796 fieri
684 1742 804 1818 posset,
825 1734 934 1796 omnia
951 1730 1220 1830 complecteretur
1242 1732 1285 1796 ad
1299 1733 1474 1818 Virgilium

300 1824 386 1877 reete
402 1827 433 1878 ct
447 1813 543 1879 facile
555 1814 800 1899 intelligendum
813 1816 1009 1894 necessaria,
1026 1814 1165 1902 ideoque
1182 1818 1325 1881 maxime
1364 1816 1475 1881 uidem

300 1896 470 1960 iuvenibus
483 1901 517 1961 iu
556 1900 714 1983 ymnasiis
728 1907 759 1961 et
772 1897 948 1962 academiis
964 1897 1007 1963 ad
1020 1897 1130 1962 literas
1145 1839 1405 1964 incumbentibus
1421 1898 1475 1962 de·

301 1984 430 2060 stinata,
454 1919 556 2044 simui
572 2003 650 2045 vero
672 1982 770 2044 etiam
785 1982 950 2065 magistris
966 1981 1102 2068 aliisque
1122 1983 1202 2046 viris
1219 1981 1334 2064 doctis,
1357 1981 1474 2069 quibus

300 2063 346 2126 rei
368 2065 577 2148 pecuniariae
599 2065 712 2149 inopia
733 2087 887 2149 magnam
901 2063 1058 2128 librorum
1075 2086 1112 2128 co
1139 2066 1203 2129 iam
1221 2067 1389 2151 acquirere
1410 2088 1474 2130 non

327 2146 470 2227 ermittit,
503 2168 702 2233 quorumque
726 2147 895 2211 commodo
918 2149 1059 2212 maiores
1081 2171 1098 2212 e
1124 2149 1240 2213 itiones
1262 2148 1421 2212 hactenus
1441 2149 1474 2211 in

299 2168 403 2293 liicem
426 2231 564 2294 emissae
587 2240 619 2294 et
640 2232 787 2315 impenso
802 2240 926 2294 tantum
942 2232 1047 2329 pretio
1062 2230 1195 2295 venales
1218 2232 1324 2295 minus
1346 2232 1475 2316 prospi-

300 2313 399 2392 ciunt,
421 2336 487 2377 non
502 2335 636 2399 prorsus
651 2314 783 2397 ingrata
797 2323 883 2377 esset
899 2323 930 2377 et
948 2313 1088 2396 inutilis3
1110 2313 1197 2400 quod
1219 2313 1348 2400 quidem
1372 2314 1475 2377 consi-

299 2395 376 2459 lium
399 2418 505 2459 meum
521 2398 619 2460 etiam
634 2397 740 2459 minus
755 2395 979 2495 locupletibus
1004 2398 1060 2484 qui
1074 2420 1139 2461 non
1157 2395 1261 2461 solum
1279 2399 1363 2460 inter
1379 2396 1475 2460 disci-

300 2477 394 2565 pulos
417 2487 449 2543 et
463 2478 705 2544 academiarum
720 2480 808 2544 cives
827 2481 1045 2562 inveniuntur,
1065 2479 1176 2566 largos
1192 2479 1264 2545 illos
1279 2480 1384 2544 fontes
1400 2502 1475 2578 ape-

299 2562 416 2643 riendi,
439 2585 481 2626 ex
502 2562 619 2650 quibus
633 2563 869 2627 recentioribus
885 2562 1085 2649 temporibus
1106 2563 1220 2627 melior
1235 2573 1267 2627 et
1280 2563 1476 2628 fructuosior

300 2645 432 2729 Virgilii
453 2647 537 2710 iuter
562 2646 677 2710 retatio
714 2645 856 2727 rofluxit,
879 2658 914 2710 ut
934 2647 1111 2732 praecipue
1128 2646 1335 2710 considerare
1347 2655 1379 2710 et
1400 2646 1476 2710 inde

300 2730 397 2792 etiam
409 2669 673 2815 inaequalitatem
685 2668 774 2793 illam
787 2729 1007 2795 adnotationis
1019 2728 1159 2794 diversis
1171 2731 1335 2793 variorum
1348 2727 1475 2793 deside-

299 2812 357 2875 riis
379 2811 607 2877 satisfacturae
621 2812 766 2878 iudicare
786 2813 895 2894 velint,
921 2835 1071 2879 censores
1087 2811 1262 2879 benevolos
1285 2814 1401 2878 iterum
1417 2814 1473 2877 ite-

298 2917 434 2982 rumque
453 2906 585 2980 rogatoa
608 2896 690 2962 volo.
720 2897 867 2961 Primum
881 2898 981 2982 igitur
1003 2920 1076 2962 cuin
1096 2896 1185 2975 mihi,
1208 2898 1303 2961 novis
1318 2894 1473 2961 subsidiis

299 2980 421 3043 criticis
436 3001 570 3065 prorsus
584 2979 748 3061 destitute,
762 3002 880 3045 novam
896 2989 1064 3045 contextus
1073 2982 1293 3045 recensionem
1305 2979 1473 3044 instituere

299 3066 330 3126 in
345 3073 484 3126 mentem
498 3064 610 3127 venire
624 3085 689 3126 non
708 3065 859 3149 potuerit,
878 3086 942 3150 qua
958 3064 1088 3128 omnino
1103 3062 1311 3150 postHeynii
1326 3073 1357 3126 et
1372 3062 1473 3148 Wag-

298 3146 369 3209 neri
389 3144 555 3210 laudabile
572 3144 713 3211 studium
729 3146 791 3209 hac
805 3149 838 3210 in
855 3148 1046 3232 repositum
1070 3148 1128 3210 vix
1143 3168 1226 3233 opus
1247 3166 1318 3210 esse
1332 3144 1472 3225 videtur,

299 3230 417 3293 retinui
439 3229 629 3316 plerumque
644 3228 799 3294 lectiones
814 3253 835 3293 a
851 3228 1026 3314 Wagnero,
1049 3229 1188 3294 Medicei
1204 3228 1405 3313 potissimum
1423 3251 1474 3293 co-

299 3312 380 3375 dicis
397 3316 623 3375 auctoritatem
638 3322 815 3396 spectante,
837 3322 999 3397 receptas,
1022 3324 1053 3377 et
1067 3311 1123 3376 ubi
1146 3312 1188 3376 ab
1204 3334 1241 3376 eo
1256 3310 1474 3376 recedendum

302 3394 382 3458 mihi
403 3392 588 3474 videbatur,
612 3394 644 3457 id
661 3396 768 3458 causis
781 3394 917 3459 adiectis
932 3405 1084 3459 accurate
1101 3396 1248 3481 exposui,
1274 3395 1404 3459 omnino
1415 3417 1475 3457 au-

300 3488 365 3540 tem
388 3476 616 3541 multominus
639 3478 755 3558 critici,
778 3500 876 3564 quain
898 3479 1084 3565 interpretis
1101 3487 1213 3564 partes
1235 3477 1315 3541 mihi
1330 3476 1475 3562 agendas

298 3582 369 3624 esse
400 3561 526 3641 censui,
555 3561 704 3708 quamvis
732 3561 837 3624 sciens
863 3560 986 3626 nullam
1014 3563 1193 3647 scripturae
1222 3560 1475 3659 discrepantiam

298 3665 375 3707 vere
388 3641 565 3707 memorabi
580 3666 631 3707 ein
644 3642 741 3728 plane
752 3644 908 3709 intactam
945 3645 1212 3725 raetermiserim3
1226 3645 1260 3708 in
1269 3643 1476 3708 distinctione

299 3735 405 3790 autem
429 3725 613 3808 verborum,
660 3748 720 3790 uae
764 3751 838 3790 uam
861 3668 998 3793 mullum
1023 3727 1133 3792 valeat
1155 3726 1198 3791 ad
1221 3726 1365 3811 singulos
1387 3725 1476 3791 loces

298 3818 386 3873 recte
411 3818 443 3872 et
464 3809 560 3873 facile
581 3748 810 3895 intdligenbos
833 3814 918 3876 inter
941 3832 1053 3875 omnes
1076 3821 1217 3884 constat,
1249 3808 1336 3874 haud
1358 3832 1434 3873 raro
1457 3831 1477 3873 a

298 3892 464 3977 Wagnero
481 3891 627 3973 discessi,
642 3916 706 3957 non
721 3896 826 3959 minus
844 3896 951 3959 vitans
967 3894 1115 3980 priorum
1128 3891 1289 3958 editorum
1305 3893 1477 3968 rationein,

298 3998 381 4060 quae
414 3977 511 4039 nimis
540 3975 647 4040 multis
683 3978 935 4063 interpungendi
964 3979 990 4041 si
1036 3978 1064 4042 is
1105 3975 1208 4040 verba
1243 3997 1382 4041 onerans
1412 3999 1477 4040 non

297 4062 403 4136 iuvat,
441 4057 499 4123 sed
532 4058 668 4145 impedit
696 4063 803 4145 potius
837 4073 869 4125 et
902 3998 1117 4125 diffiediorem
1149 4057 1259 4122 reddit
1293 4057 1476 4138 lectionem,

298 4165 395 4228 quain
428 4144 643 4207 recentiorum
671 4143 875 4229 quorundam
904 4166 1021 4228 nugas,
1045 4144 1100 4230 qui
1122 4163 1233 4206 omnes
1265 4143 1333 4206 fere
1364 4141 1476 4206 distin·

297 4224 419 4309 guendi
440 4234 534 4290 notas
556 4224 708 4290 exsulare
729 4226 851 4304 iubent,
873 4248 1042 4314 meamque
1065 4228 1135 4311 ipse
1157 4226 1243 4289 viam
1261 4234 1399 4303 secutus,
1414 4246 1478 4288 me-

298 4310 386 4372 diam
408 4307 497 4373 illam
519 4310 603 4374 inter
634 4310 769 4375 nimium
799 4321 830 4373 et
852 4332 987 4395 parum,
1006 4332 1069 4397 qua
1092 4331 1156 4374 non
1179 4307 1355 4373 admodum
1376 4306 1479 4373 multa

299 4391 520 4473 distinctione,
543 4392 600 4456 sed
622 4404 699 4478 apto
721 4393 792 4458 loco
814 4394 916 4471 facta,
947 4391 1129 4476 legentibus
1152 4392 1273 4478 optime
1295 4391 1476 4457 consultum

300 4498 371 4539 esse
393 4486 580 4540 statuerem.
604 4467 693 4539 ‘Iam
726 4476 813 4562 quod
843 4474 885 4538 ad
909 4476 1175 4540 commentarium
1199 4477 1328 4551 attinet,
1355 4473 1390 4537 id
1411 4474 1478 4620 pri·

300 4581 387 4621 mum
409 4558 490 4623 mihi
526 4558 766 4657 respiciendum
788 4579 860 4623 csse
883 4558 978 4640 duxi,
1010 4568 1044 4623 ut
1076 4580 1207 4622 sensum
1232 4558 1387 4639 cuiusque
1429 4556 1479 4619 oei

301 4642 370 4705 sive
393 4642 435 4707 ab
467 4640 540 4706 aliis
569 4664 638 4707 sive
662 4664 681 4705 a
703 4651 820 4705 memet
841 4642 914 4727 ipso
936 4651 1024 4706 recte
1052 4651 1083 4706 et
1105 4648 1258 4705 accurate
1280 4637 1478 4724 explicatum

300 4722 455 4805 haberes,
485 4747 585 4812 quare
614 4725 642 4787 si
671 4726 744 4810 quis
768 4726 913 4809 priorum
941 4725 1100 4790 editorum
1123 4722 1262 4822 aliquem
1285 4720 1390 4786 locuin
1412 4723 1478 4786 iani

299 4808 379 4870 satis
402 4808 485 4872 bene
506 4810 739 4893 interpretatus
752 4806 935 4884 videbatur,
957 4810 1026 4872 eius
1042 4805 1283 4871 adnotationem
1298 4813 1355 4868 aut
1376 4805 1480 4891 ipsius

299 4892 440 4954 auctoris
457 4890 566 4955 verbis
586 4890 724 4952 servatis
744 4889 843 4977 (quod
859 4902 965 4955 tamen
981 4892 1014 4953 in
1033 4885 1267 4975 posterioribus
1284 4886 1479 4953 editionibus

299 4973 401 5039 multo
417 4975 534 5055 rarius,
550 4994 647 5060 quam
662 4972 697 5037 in
711 4974 828 5059 prima,
839 4982 872 5038 et
882 4973 1072 5061 plerumque
1084 4980 1209 5035 tantum
1224 4971 1258 5034 in
1274 4969 1479 5038 brevioribus
