3359 5725
557 557 786 625 AENEIDOS
808 559 893 625 LIB.
914 560 973 627 XI.

179 720 346 786 Nobilitas
369 721 479 803 dabat,
502 725 660 788 incertum
683 724 724 789 de
745 734 839 811 patre
860 725 1004 808 ferebat3

180 803 294 889 Surgit
314 814 347 867 et
367 804 419 868 hia
438 817 553 870 onerat
574 807 670 871 dictis
692 817 789 895 atque
812 820 950 893 aggerat
970 813 1056 874 iras:

176 885 280 968 „Rem
300 886 380 951 nulli
402 886 730 962 obscuramnostrae
753 912 813 955 nec
834 891 925 955 vocis
947 901 1094 976 egentem

178 968 340 1051 Consulis,
362 992 380 1035 o
402 970 488 1035 bone
509 995 585 1055 rex3
609 976 717 1037 cuncti
744 995 779 1037 se
801 974 886 1037 scire
907 974 1058 1056 fatentur,

179 1050 270 1131 Quid
291 1052 422 1117 fortuna
442 1054 529 1119 ferat
555 1055 679 1203 poffluli,
702 1056 759 1120 aed
781 1056 891 1120 dicere
913 1067 1069 1122 mussant

178 1134 246 1198 Det
266 1133 449 1200 libertatem
471 1137 566 1202 fandr
612 1148 748 1223 atusqne
769 1142 924 1219 remittat,

179 1217 283 1283 Cuius
305 1217 346 1282 ob
369 1221 552 1305 auspicium
574 1222 750 1285 infaumum
772 1244 942 1308 moresque
965 1224 1113 1286 sinistros
1136 1259 1178 1271 -

178 1299 300 1363 Dicam
323 1301 485 1386 equidem,
506 1302 582 1367 licet
604 1326 696 1368 arma
718 1304 798 1368 mihi
820 1318 956 1369 mortem
980 1328 1022 1368 ue
1044 1306 1184 1371 minetur
1203 1344 1245 1353 —

179 1382 320 1447 Lumina
341 1393 389 1447 tot
410 1384 567 1449 cecidiaae
589 1386 706 1450 ducum
729 1397 894 1473 totamque
915 1326 1063 1452 videmus

179 1464 376 1530 Consediaae
398 1466 511 1531 urbem
533 1466 631 1550 luctu,
657 1470 732 1533 dum
756 1470 858 1534 Troia
880 1478 1018 1556 temptat

179 1548 300 1613 Castro
320 1548 418 1634 fugae
438 1549 541 1615 fidens
564 1563 596 1616 et
619 1551 741 1616 caelum
765 1555 895 1617 territat
917 1556 1025 1619 armis.

178 1804 390 1812 -Q-——n

176 1917 339 1969 Motemnm
355 1915 486 1986 irnplobot
507 1934 592 1984 oanan
607 1919 635 1971 et
651 1917 797 1987 Hegoaipp.
816 1918 850 1972 de
866 1917 949 1972 excid.
968 1918 1071 1973 Hieroa.
1089 1920 1112 1984 Ι,
1125 1925 1166 1974 14.
1184 1922 1283 1989 quatur
1297 1941 1355 1976 mo·

175 1984 251 2037 tomi
279 1984 385 2051 ganeae
412 1983 544 2037 nobilitor
572 1985 680 2038 animoa
703 1987 796 2038 dabat.
816 2018 845 2026 -
866 1984 931 2045 341.
957 1987 1099 2055 ferebat.
1135 1987 1247 2056 Aliquot
1269 1990 1354 2045 Codd.

177 2051 278 2117 (Rom,
295 2049 354 2104 Pal.
373 2066 390 2103 a
407 2066 443 2105 m.
460 2068 500 2120 pr.
519 2054 581 2115 eto.)
600 2053 727 2121 ferebant
743 2054 826 2121 (qnod
844 2053 948 2108 Peerlk.
966 2053 1093 2123 praefert,
1117 2056 1160 2108 cni
1177 2073 1262 2123 penula
1277 2060 1356 2122 fem

176 2135 231 2172 non
250 2117 320 2172 aatia
332 2118 460 2171 Latinum
480 2119 612 2183 videtur),
632 2120 679 2175 aed
696 2119 810 2189 vulgata
826 2121 922 2174 ceteris
941 2122 1133 2176 recentioribus
1150 2124 1275 2178 omnibua
1292 2142 1356 2194 pro·

175 2187 244 2241 bata
260 2187 304 2239 cat
320 2185 485 2254 exquisitior.
520 2187 605 2241 Thiel.
617 2188 738 2255 ferebat,
765 2188 836 2257 quod
853 2188 953 2242 fortius
972 2188 1047 2253 dicit,
1068 2206 1150 2259 quarn
1167 2192 1291 2257 habetat,
1312 2209 1356 2246 ox·

193 2253 264 2307 licat
291 2267 354 2321 per:
403 2253 521 2322 roprium
552 2257 580 2308 et
603 2271 708 2323 semper
725 2254 852 2320 habebat,
882 2257 1002 2323 tenebat,
1033 2273 1079 2319 „eo
1096 2258 1143 2310 tin
1177 2260 1233 2312 itm
1249 2279 1286 2313 an
1302 2279 1356 2315 oon

222 2321 228 2333 '
296 2322 345 2373 deo
365 2270 491 2373 idicem
525 2321 639 2402 Ladan..
662 2321 767 2375 confert
784 2322 1101 2402 Hor.llpiat.1,6,15.
1147 2327 1230 2378 anoni
1245 2329 1356 2397 rapiam

175 2387 656 2535 fflnffrfftnfiiliirfiiii,
677 2389 773 2535 dish:
786 2394 1356 2527 addimur'difimdieffirpddiqszihdi

176 2524 258 2576 irae.
294 2522 364 2576 Sunt
384 2538 454 2576 amm
471 2539 566 2591 grana
584 2526 613 2577 et
631 2524 729 2578 acerba
745 2523 826 2577 drota.
854 2523 930 2588 Quod
948 2524 1112 2578 adverbum
1129 2534 1227 2579 onerat
1243 2479 1353 2591 adtinet,

177 2590 332 2659 Conington
362 2593 501 2659 comparat
528 2590 590 2644 'lae
608 2591 680 2644 Hiat.
699 2590 736 2657 Π,
754 2595 796 2644 52.
825 2592 959 2645 motat
982 2594 1142 2660 paventium
1171 2612 1255 2648 curua
1284 2598 1355 2649 ordo

176 2657 345 2711 Mutinense&
373 2675 452 2711 omna
481 2665 507 2711 at
529 2660 676 2727 pecuniam
691 2660 835 2728 offmendo
854 2658 899 2725 (cf.
919 2658 1001 2713 etiam
1021 2659 1126 2713 adnott.
1145 2661 1179 2714 ad
1197 2662 1230 2741 Χ,
1250 2665 1308 2718 620.
1326 2667 1355 2717 et

175 2724 287 2779 Ruhnk.
305 2725 339 2778 ad
357 2725 417 2779 Ter.
436 2725 518 2779 Andr.
542 2726 570 2793 V,
592 2731 614 2794 1,
632 2729 676 2792 8),
706 2734 735 2779 et
751 2725 836 2790 dietat
868 2727 927 2779 irna
952 2744 1086 2794 aggerare
1101 2728 1156 2782 iam
1173 2728 1290 2798 logrmua
1305 2731 1353 2795 IV,

178 2798 239 2847 197.
257 2822 292 2831 -
309 2790 367 2853 343
387 2809 444 2862 aq.
481 2794 597 2849 Macrob.
618 2793 648 2860 V,
667 2799 691 2854 2,
712 2798 752 2847 15.
772 2809 796 2862 p.
815 2797 873 2847 391.
905 2794 964 2847 Ian.
983 2794 1051 2848 satia
1068 2796 1244 2864 probabiliter
1261 2797 1354 2866 opina·

175 2865 224 2916 tur
263 2809 476 2929 Vergilinmdric
493 2860 596 2916 imitari
613 2863 729 2915 volniaaa
747 2860 862 2915 Achillia
879 2864 908 2915 et
924 2862 1133 2931 Agamemnonis
1150 2864 1354 2919 altercationem

174 2929 205 2983 in
224 2903 320 2982 iliada.
339 2958 372 2966 -
389 2935 533 2981 nostroe
559 2946 616 2983 neo
639 2931 690 2983 etc.
725 2929 796 2996 „Ubi
814 2945 862 2997 per
879 2933 997 2983 metrum
1013 2931 1086 2992 licet,
1115 2947 1163 2985 nco
1179 2932 1207 2984 in
1224 2933 1353 3001 principio

176 2995 381 3052 enuntiatorum
400 3011 417 3049 a
433 2995 552 3064 Vergilio
573 2996 699 3051 collocari
716 2997 793 3050 solet.
827 2997 910 3050 Recte
932 3000 1022 3051 tamen
1041 2997 1067 3053 h.
1086 2996 1104 3052 l.
1124 3006 1234 3052 coatrae
1250 3016 1299 3053 nae
1318 2999 1353 3053 ad

175 3062 399 3131 dintinguendam
414 3078 565 3132 perronam.
601 3064 661 3117 Non
689 3066 739 3130 eat,
771 3063 844 3133 quod
873 3079 931 3132 ego
960 3064 1054 3117 multia
1083 3065 1180 3132 verbio,
1204 3066 1268 3134 quid
1294 3083 1355 3121 aen·

173 3133 256 3193 tiam,
286 3130 433 3197 declarem,
464 3147 525 3184 cnm
556 3132 710 3184 omnibus
739 3129 806 3195 hia,
839 3131 886 3199 qui
915 3130 1027 3198 adsunt,
1057 3131 1122 3200 quid
1150 3136 1290 3196 censeant,
1323 3134 1355 3187 li·

174 3200 291 3270 queat.‘⁴
336 3197 430 3266 Waqu.
460 3230 493 3238 —-
522 3199 592 3252 Cum
620 3215 644 3251 v.
673 3197 746 3259 344,
761 3214 818 3266 aqq.
850 3198 884 3250 cf.
911 3197 971 3252 Silii
1001 3198 1119 3251 imitatio
1149 3199 1189 3261 Il,
1219 3203 1268 3254 219
1296 3217 1353 3270 aqq.

174 3295 208 3308 -
241 3264 307 3326 345.
337 3266 451 3332 „serat
479 3266 628 3344 [tamqnam
659 3264 811 3319 faciendum
839 3264 999 3386 ideoflnezii.
1028 3266 1079 3334 q.],
1110 3266 1245 3334 postulat,
1296 3272 1355 3323 etat

175 3332 244 3404 [vid.
275 3349 297 3386 a.
327 3350 353 3401 g.
384 3333 439 3386 Cic.
469 3333 504 3387 ad
531 3334 592 3386 Drv.
615 3332 637 3400 1,
659 3337 683 3394 1,
713 3337 752 3386 15.
791 3332 866 3387 Verr.
974 3373 982 3399 ,
1010 3336 1052 3386 23.
1078 3335 1107 3386 et
1134 3341 1158 3395 5,
1188 3339 1227 3389 10.
1326 3338 1355 3390 et

176 3417 248 3471 quae
265 3400 417 3468 Conington
447 3399 479 3454 do
509 3400 589 3455 huius
617 3400 691 3454 verbi
715 3416 766 3454 unu
785 3399 934 3468 disputat]:
963 3402 1023 3453 red
1049 3400 1161 3465 dicare
1191 3410 1353 3470 moueant,
1416 3409 1422 3421 ’

175 3470 348 3528 cunctantur,
379 3483 432 3520 non
462 3468 565 3522 audent
581 3467 682 3522 dicore:
715 3467 822 3537 proprie
840 3467 873 3521 de
891 3467 933 3534 iia,
964 3467 1011 3537 qui
1029 3468 1163 3522 submiaaa
1180 3484 1212 3522 ao
1228 3469 1355 3539 depreaaa

175 3552 243 3591 voce
274 3535 300 3588 lo
319 3537 434 3601 nnntur3
464 3536 534 3605 quod
563 3535 622 3590 fleri
651 3538 741 3603 potent
759 3537 850 3589 metuo
867 3538 975 3589 cauaa“
1010 3535 1099 3604 Hoyn.
1135 3537 1232 3606 Wagn.
1251 3537 1355 3592 confert

175 3603 278 3672 Paneg.
338 3603 478 3658 natantino
509 3602 613 3657 dictum
631 3619 653 3656 c.
672 3606 695 3659 2.
725 3603 843 3657 ducibus
872 3619 927 3656 nora
958 3603 1047 3657 nolum
1065 3603 1148 3657 tacita
1163 3606 1354 3673 mwoorrtibroe,

176 3673 227 3725 aad
256 3670 337 3724 mom
361 3678 456 3740 aperte
473 3671 634 3737 cimencitia,
663 3670 754 3740 ibique
771 3671 899 3725 Arntaen.
939 3675 1023 3724 ‚coo
1059 3669 1120 3724 Vid.
1139 3671 1220 3726 etiam
1238 3672 1311 3727 infra
1328 3689 1353 3727 r.

176 3743 238 3792 454.
257 3740 286 3792 et
302 3736 366 3800 XII,
388 3741 445 3792 718.
463 3737 566 3792 linniua
584 3738 654 3792 Arm.
667 3737 701 3792 X.
720 3738 753 3792 fr.
775 3742 798 3791 8.
816 3754 842 3806 p.
862 3743 903 3793 52.
946 3737 1000 3792 ahl.
1018 3737 1190 3807 Ezepeotoaa
1206 3740 1234 3792 ri
1249 3758 1353 3794 mucra·

175 3814 218 3860 rat
235 3805 332 3926 (logica
345 3806 373 3858 et
389 3804 424 3859 cf.
443 3804 547 3860 adnott.
566 3806 600 3859 ad
618 3804 682 3860 G'ao.
700 3804 747 3868 IV,
770 3808 826 3858 188.
844 3835 877 3843 -
895 3803 959 3865 346.
983 3805 1107 3870 flator,
1127 3806 1291 3874 arrogantia,
1303 3822 1355 3885 ‚eu-

175 3873 279 3943 perbia,
334 3889 355 3925 r.
374 3875 503 3943 φύσημα,
535 3873 607 3926 unde
632 3873 714 3926 etiam
731 3872 938 3941 proficiscuntur
955 3888 1063 3925 morea
1080 3873 1221 3926 sinistri
1238 3872 1354 3926 hommia

194 3940 332 4000 artinacia,
364 3939 410 4008 qui
431 3940 530 3994 Latino
559 3940 745 4007 obtemporare
773 3938 906 3993 noluerat.
928 3967 957 3977 -
975 3939 1089 4002 fletur
1116 3938 1275 3992 remittat.
1311 3940 1352 3993 Cf.

199 4009 231 4062 'c
249 4025 291 4077 pr.
310 4006 399 4062 Flacc.
417 4010 459 4068 22,
478 4012 521 4061 53.
540 4007 721 4060 Renittootr
741 4007 830 4067 autu,
849 4005 1032 4075 comprimant
1047 4005 1155 4059 animoa
1170 4022 1243 4072 auor,
1259 4008 1355 4059 rodant

176 4074 377 4143 arrogantiam.
395 4073 547 4144 Conington
566 4074 681 4128 conferri
697 4024 774 4128 iudet
791 4072 854 4125 Eur.
873 4072 973 4126 Phoen.
992 4076 1051 4149 ⁴ttt.
1071 4073 1100 4124 at
1118 4072 1153 4132 so
1172 4072 1199 4124 h.
1218 4072 1281 4125 Ant.
1293 4075 1352 4126 929.

177 4175 209 4183 -
226 4143 294 4204 347.
313 4143 524 4210 auspicium,
541 4143 559 4198 i.
578 4159 599 4196 e.
618 4141 767 4210 imperium.
803 4140 959 4208 Auspicium
978 4154 1048 4191 ennn
1066 4154 1138 4192 more
1197 4155 1276 4193 mano
1295 4142 1355 4194 erat

175 4227 257 4290 penes
285 4225 421 4263 anmmum
439 4210 570 4264 exercitur
587 4209 690 4263 ducem.
726 4206 861 4261 Invidiosa
879 4208 970 4260 autem
988 4206 1107 4259 Drances
1125 4205 1209 4260 Turni
1225 4208 1352 4277 auspiciis

175 4279 304 4348 imputat,
324 4276 395 4345 quod
413 4278 507 4330 tantun
524 4277 606 4346 periit
623 4275 762 4330 exercitus.
786 4305 820 4314 -
838 4273 906 4336 348.
938 4273 1027 4326 Verba
1044 4273 1123 4327 licet
1151 4292 1245 4329 armo
1272 4275 1354 4328 milri

173 4353 380 4413 mortemque
396 4345 565 4398 minentur
583 4343 637 4410 (rel
654 4343 774 4409 mineru)
791 4344 952 4411 repetuntur
968 4341 995 4394 in
1012 4341 1096 4396 Anth.
1114 4341 1176 4397 Lat.
1193 4343 1216 4406 1,
1237 4345 1353 4421 ¹⁷⁸⁹.⁶⁹·

174 4419 203 4468 et
215 4413 238 4480 1,
250 4416 309 4475 141,
320 4415 361 4465 36.
380 4413 463 4480 atque
479 4412 562 4466 etiam
579 4410 660 4465 Silius
676 4411 712 4473 Π,
726 4413 785 4464 281.
805 4410 885 4463 huius
902 4409 954 4462 loci
972 4424 1074 4462 memor
1090 4408 1197 4463 ridetur
1214 4409 1354 4476 acriparaae

174 4489 289 4534 mortem
305 4480 371 4533 licet
387 4496 467 4533 orma
485 4479 677 4558 propinqum·
693 4505 727 4514 -
744 4475 809 4536 343.
840 4476 986 4530 Lumina
1008 4480 1133 4530 dacum.
1168 4476 1209 4530 (tf.
1228 4475 1283 4529 (lio.
1301 4474 1353 4528 Ca·

174 4548 218 4602 til.
237 4547 290 4608 111,
312 4551 352 4611 to,
373 4548 414 4599 21.
434 4546 604 4600 Glurr'uar'mra
620 4546 691 4599 ciria
707 4544 859 4609 interfecta&
878 4544 982 4598 damino
999 4543 1120 4598 civitotia
1135 4550 1267 4595 manacta
1282 4549 1353 4608 aaut,

173 4616 210 4670 id.
229 4614 264 4668 de
281 4614 341 4670 Fin.
359 4613 398 4678 Il,
416 4617 457 4667 to.
476 4613 513 4665 in.
531 4614 624 4682 Negat
694 4612 700 4624 ‘
733 4628 781 4664 rua
806 4612 869 4677 (hoc
895 4612 966 4664 enim
993 4618 1111 4664 omnam
1127 4609 1216 4663 lumen
1235 4611 1284 4673 cat)
1300 4610 1351 4664 etc.

172 4714 207 4723 --
227 4680 293 4743 330.
321 4679 581 4749 „Cooaadr'aae
610 4698 653 4733 ur
688 4696 737 4733 em
765 4678 892 4745 lacta,
921 4679 947 4731 in
977 4677 1081 4731 luctum
1111 4677 1261 4731 demersam
1285 4692 1351 4744 aaae,

172 4753 205 4805 nt
234 4750 303 4804 bana
334 4749 422 4803 Serta:
452 4747 509 4801 scil.
538 4751 571 4801 ut
602 4746 769 4809 συνιζάνειν.
813 4745 856 4799 Cf.
886 4761 968 4816 anpra
996 4746 1033 4807 Π,
1064 4749 1122 4822 1124Ἰ
1157 4745 1185 4796 at
1214 4742 1262 4805 IX,
1293 4746 1351 4823 ¹⁴⁵:

170 4817 326 4889 [concidam
356 4815 387 4868 iu
415 4815 509 4884 ἐρωή.
542 4815 645 4870 Saltem
673 4813 816 4868 ooruidore
845 4814 920 4867 luctu
949 4812 1052 4867 dictum
1082 4812 1146 4870 ent,
1182 4811 1214 4861 nt
1243 4809 1350 4889 collabi,

171 4884 327 4947 concidere,
357 4882 445 4937 iacere
474 4883 644 4945 calamitate,
674 4881 793 4935 dolore.“
828 4880 917 4950 Hepn.
943 4910 973 4920 -
1002 4878 1066 4939 331.
1090 4881 1198 4956 sapae
1225 4876 1350 4943 sedeur,

171 4968 242 5021 quaa
271 4952 401 5006 narratur
416 4949 450 5012 X,
477 4953 527 5005 tta
552 4966 609 5020 aqq.
639 4949 700 5004 coll.
727 4965 751 5002 v.
784 4949 893 5002 ott-
915 4948 1066 5003 caelum
1094 4951 1263 4998 terratot
1288 4964 1353 4999 or·

1091 5028 1143 5079 30*
