3359 5725
592 548 822 618 AENEIDOS
844 553 927 619 LIB.
951 554 993 620 X.

179 710 335 774 Imminet
355 710 417 774 Ida
439 733 476 775 su
503 733 548 794 er,
570 715 719 800 profugis
741 719 932 801 gratissima
954 717 1099 783 Teucris.

179 791 246 856 Hic
268 815 406 878 magnus
429 816 464 858 se
489 803 520 859 et
541 797 670 862 Aeneas
693 821 869 886 secumque
890 798 1017 866 volutat

179 876 327 940 Eventus
350 874 424 940 belli
445 879 567 960 varios,
590 880 764 980 Pallasque
787 884 920 948 sinistro

178 958 322 1022 Adfixus
343 958 441 1024 lateri
462 961 528 1024 iam
550 966 678 1048 quaerit
699 965 819 1048 sidera,
842 988 966 1052 opacae

179 1041 294 1107 Noctis
313 1044 385 1125 iter,
408 1044 474 1107 iam
497 1065 581 1131 quae
603 1069 720 1132 passus
741 1057 895 1135 terraque
917 1051 1074 1135 marique.

182 1247 393 1255 ⁸-—

179 1376 276 1428 ἱππεία
294 1391 347 1429 non
360 1392 391 1430 ur
411 1376 518 1445 endum,
538 1379 585 1433 sed
598 1397 659 1450 pro:
679 1380 824 1450 appositos,
842 1382 961 1447 additos,
981 1382 1101 1452 positum
1116 1387 1214 1440 censet.
1250 1385 1361 1439 Rectius

179 1447 254 1522 certe
273 1443 370 1523 Wagp.
389 1392 465 1499 ldam
484 1446 563 1526 inodo
581 1463 760 1528 parasemon,
782 1449 873 1503 leones
904 1453 995 1504 autem
1014 1451 1109 1504 rostris
1138 1453 1178 1505 ita
1203 1453 1361 1507 subiunctos

180 1510 267 1565 fursee
283 1515 446 1580 suspicatur,
466 1514 497 1566 ut
514 1529 604 1582 ipsum
617 1519 735 1570 rostrum
753 1532 779 1569 ur
797 1517 905 1571 leonum
918 1518 1014 1571 faciem
1035 1518 1130 1587 abiret,
1150 1519 1220 1588 (coll.
1234 1520 1359 1576 Soheuer.

180 1578 300 1658 deumil.
329 1595 390 1634 nav.
408 1596 434 1649 p.
456 1583 504 1634 126
521 1598 560 1651 sq.
595 1582 711 1652 Didymo
741 1599 783 1653 ap.
804 1585 920 1653 Hesych.
940 1601 964 1639 v.
983 1587 1131 1654 Σαμιακός
1163 1587 1282 1656 τρόπος,
1313 1588 1360 1642 ubi

179 1647 311 1715 legimus:
335 1648 400 1706 τοὺς
417 1647 449 1702 δὲ
467 1647 603 1716 ἐμβόλους
623 1651 811 1720 σεσήμανται,
844 1653 881 1712 ὡς
899 1654 993 1706 δοκεῖν
1019 1653 1152 1724 ῥύγχεσιν
1172 1656 1234 1709 ὑῶν
1253 1655 1361 1725 ὁμοίως

178 1713 417 1783 κατεσκευάσθαι,
437 1717 465 1768 et
483 1717 555 1770 Serv.
574 1715 609 1769 ad
628 1733 652 1772 r.
677 1720 733 1772 166.
767 1719 909 1786 „Aeratm
927 1721 1005 1787 tiprr':
1023 1721 1099 1774 cuius
1117 1724 1236 1774 rostrum
1255 1724 1314 1776 erat
1331 1722 1359 1775 in

179 1780 389 1836 similitudmem
417 1783 555 1852 tigridis“)
586 1787 614 1838 et
642 1784 702 1839 coll.
730 1802 754 1838 v.
774 1790 823 1839 252
841 1803 882 1857 sq.
906 1788 1073 1856 suspicatur,
1105 1788 1181 1842 Idam
1210 1791 1239 1842 et
1267 1789 1359 1844 leones

180 1848 324 1904 ostermere
341 1849 459 1903 tutelam
477 1851 533 1905 eius
551 1852 627 1905 navis
645 1851 728 1907 fuisse
745 1853 871 1922 Cybelen.
907 1856 1003 1910 Nescio
1021 1859 1121 1923 temen,
1139 1872 1173 1909 an
1192 1856 1299 1911 Later.
1318 1856 1359 1911 la·

178 1918 237 1970 tius
252 1933 415 2002 progressus
432 1917 522 1973 locum
539 1920 688 1974 rectissime
710 1920 748 1974 sic
772 1922 924 1989 intelligat,
950 1925 981 1976 ut
1009 1922 1099 1977 leones
1130 1925 1186 1977 sint
1212 1924 1318 1992 insigna
1336 1942 1359 1977 s.

180 2001 355 2064 παρασημον
372 1984 450 2039 naris
467 1986 495 2039 in
513 2003 594 2056 prora
611 1989 791 2057 conspicuum,
809 1989 859 2042 Ida
877 1992 981 2053 autem,
1000 1990 1044 2043 hic
1063 2008 1111 2060 pro
1129 1996 1218 2045 matre
1236 1991 1318 2046 Idaea
1337 2009 1359 2045 s.

179 2052 281 2121 Cybele
297 2068 357 2120 rpsa
374 2053 470 2121 posita,
490 2054 613 2109 tutelam
630 2072 665 2124 pu
687 2057 714 2124 pi
731 2056 888 2118 constitute,
907 2074 998 2126 quare,
1019 2075 1080 2112 curn
1098 2059 1196 2128 puppis
1216 2058 1297 2112 altior
1314 2061 1360 2125 sit,

179 2137 264 2190 quam
291 2136 372 2200 prora
397 2123 571 2200 (quapropter
598 2122 642 2175 hic
668 2073 794 2193 legamus
823 2126 981 2178 subiuncta
1010 2129 1037 2179 et
1063 2127 1118 2179 lde
1149 2129 1259 2196 saper)
1284 2128 1361 2180 uaris

179 2188 313 2258 praebeat
329 2204 474 2258 rmagrucm
493 2206 588 2244 currus
605 2189 720 2258 Cybeles
738 2207 755 2245 a
771 2191 893 2246 leonibus
912 2194 989 2247 verti.
1024 2194 1151 2247 Ceterum
1169 2194 1282 2248 eandem
1301 2211 1360 2247 sen·

180 2256 308 2317 tentiam,
326 2255 377 2309 Ida
394 2255 472 2308 modo
491 2274 539 2326 pro
558 2258 596 2310 rie
613 2257 760 2326 intellecta,
779 2260 833 2312 iam
843 2259 949 2316 Ditzen.
968 2260 1001 2314 de
1018 2259 1084 2314 locis
1103 2261 1264 2329 quibusdam
1280 2262 1360 2332 Verg.

180 2340 209 2444 p.
228 2327 259 2376 tt
283 2339 323 2392 sq.
342 2323 494 2392 protulerat
523 2274 567 2391 (le
595 2326 679 2395 puppi
708 2326 851 2380 excelsiore
880 2343 959 2396 quarn
989 2344 1069 2396 prora
1086 2328 1200 2382 laudam
1217 2329 1361 2382 Rueckerti

194 2391 285 2444 ‘brum
302 2391 367 2444 Das
382 2396 448 2445 rem.
466 2391 599 2460 Krdeqsw.
624 2409 649 2461 p.
663 2395 724 2460 db),
742 2393 770 2446 in
789 2394 865 2447 cuius
882 2401 973 2448 tamen
991 2394 1168 2464 explicatione
1187 2413 1229 2449 me
1248 2396 1359 2449 offendit

178 2459 231 2513 Ida
249 2474 341 2512 mons
360 2474 409 2528 pro
429 2460 542 2514 tutela
558 2461 635 2514 naris
654 2459 772 2516 babitus.
807 2460 959 2529 Conington
979 2464 1080 2526 tamen,
1100 2462 1359 2516 contraLerscbium

177 2529 245 2580 Ant.
264 2527 345 2594 Verg.
364 2543 390 2595 p.
411 2529 467 2606 ‚¹²⁶¹
486 2526 643 2596 disputans,
670 2529 716 2597 qui
734 2529 818 2582 etiarn
833 2546 917 2599 saper
934 2529 967 2583 de
987 2530 1070 2650 puppi
1087 2529 1226 2600 intelligit,
1244 2533 1272 2584 et
1290 2529 1359 2583 hanc

177 2594 308 2662 Praepos.
326 2609 433 2664 proprie
450 2598 609 2664 usurpatam
641 2612 751 2649 censens
776 2597 894 2661 („obooe
919 2597 961 2649 tbe
1002 2598 1108 2661 ions“)‚
1135 2596 1168 2652 de
1199 2599 1291 2651 statua
1317 2597 1359 2650 rel

177 2662 290 2731 pictura
305 2662 370 2716 Idae
388 2663 489 2715 montis
508 2664 618 2731 cogitat.
653 2663 714 2716 Non
742 2663 827 2732 igitur
857 2680 922 2734 opus
941 2667 983 2717 est
1000 2664 1179 2733 Peerlkampii
1206 2666 1360 2719 coniectura

177 2738 303 2783 romam
319 2729 446 2799 Ptrypio
463 2731 607 2784 wbiancta
624 2730 706 2784 leem.
740 2731 781 2784 De
798 2732 858 2801 ipsa
870 2732 1070 2786 constructione
1088 2734 1241 2800 (adiuncta
1258 2733 1358 2800 leona)

177 2797 234 2852 vid.
266 2797 371 2851 adnott.
402 2796 437 2851 ad
467 2797 522 2853 Ilei.
541 2799 564 2860 Ι,
583 2802 624 2852 54.
655 2801 683 2852 et
700 2799 766 2852 Aen.
784 2798 806 2866 I,
827 2802 884 2854 320.
915 2831 947 2839 -
977 2799 1038 2860 158.
1057 2800 1119 2853 Ida
1138 2830 1149 2841 ·
1167 2802 1360 2888 ·profrrpr's

176 2867 379 2934 eratissimos
398 2865 556 2931 Teucria,
579 2864 652 2920 baud
671 2866 751 2922 dubie
770 2866 819 2920 ads
839 2870 901 2921 ectu
922 2868 1090 2936 gratissima3
1120 2868 1277 2937 gaudebant
1294 2870 1359 2921 Iro·

176 2934 234 2987 iani
255 2933 305 2987 boc
318 2949 490 3012 paratomon,
509 2935 552 2988 vel
569 2934 658 3003 potius
676 2934 745 2988 banc
763 2884 879 2989 tutelam
903 2936 1054 3001 intuentes,
1083 2936 1154 3003 quod
1181 2936 1248 3005 ipsis
1269 2946 1358 2988 caram

176 3001 301 3071 patriam
317 3017 345 3054 rn
362 3002 517 3055 memoriam
536 3004 681 3055 revocaret.
715 3001 831 3066 Peerlk,
864 3002 906 3055 cui
924 3001 989 3056 haec
1006 3003 1089 3055 verba
1106 3003 1208 3056 absona
1224 3002 1357 3068 ridentur,

176 3086 241 3122 cum
261 3069 364 3137 Heynio
382 3071 471 3122 totum
488 3070 596 3122 versum
626 3069 747 3123 exsulare
765 3069 849 3122 iubet.
885 3070 1012 3124 Ceterum
1030 3070 1120 3137 Hepn.
1143 3070 1210 3122 baec
1229 3069 1357 3122 adnotat:

177 3136 278 3202 „Unde
295 3152 374 3205 porro
392 3136 457 3189 baec
474 3137 551 3190 navis
569 3153 630 3191 cum
646 3136 747 3205 insigni
763 3151 794 3189 ex
811 3135 935 3189 Troianis
955 3136 1130 3203 religionibus
1148 3137 1234 3205 petito
1253 3139 1359 3189 Aeneae

175 3204 254 3273 apud
272 3204 436 3258 Caeretanos
454 3205 547 3257 statim
565 3206 661 3273 parata
681 3203 754 3257 fnit?
773 3204 833 3257 Iam
851 3206 970 3257 veterum
987 3203 1231 3259 Grammaticorum
1257 3220 1288 3257 ea
1306 3203 1359 3256 fuir

175 3271 325 3339 dubitatio,
374 3271 489 3325 uomodo
517 3272 591 3325 intra
619 3272 699 3325 unius
728 3271 782 3324 diei
812 3271 933 3339 spatium
963 3271 1057 3324 classis
1080 3270 1206 3324 adornari
1228 3271 1356 3340 potuerit.
1411 3283 1414 3301 ·

176 3338 339 3403 Dicendum,
424 3342 518 3393 etanos
534 3339 589 3393 iam
607 3342 670 3394 ante
690 3338 725 3392 ad
754 3336 856 3393 bellurn
873 3339 1021 3392 instructos
1048 3338 1163 3392 classem
1180 3338 1208 3392 in
1228 3341 1357 3408 promptu

176 3407 308 3462 babuisse
328 3406 373 3474 (cf.
391 3406 467 3474 VIII,
480 3408 559 3486 494),
579 3408 684 3461 Aeneae
703 3408 794 3460 autern
812 3422 909 3459 navem
927 3406 1088 3460 festinanter
1105 3423 1222 3460 ornasse.
1241 3406 1356 3460 Pactam

175 3478 273 3528 umen
292 3474 381 3527 minus
398 3476 507 3528 cautum
538 3490 566 3527 ur
587 3474 629 3527 bis
658 3474 743 3528 fuisse
771 3474 902 3530 arbitror:
931 3477 1050 3527 utetv.
1070 3477 1126 3528 205.
1145 3473 1369 3528 isonium.

176 3543 259 3595 tuani
277 3541 340 3595 navi
351 3541 480 3595 Mincium
497 3559 546 3612 pro
559 3542 658 3611 insigni
671 3541 795 3596 habente.
825 3540 940 3610 [Peerlk.
955 3558 1008 3594 non
1020 3541 1112 3610 inepte
1123 3544 1213 3610 putat,
1230 3541 1359 3595 selectam

176 3610 249 3663 banc
268 3625 364 3663 navem
382 3610 466 3663 tuisse
484 3625 515 3664 ea
533 3610 593 3678 ipss
622 3610 655 3663 de
673 3625 770 3672 causa,
800 3610 871 3679 quod
901 3608 971 3662 forte
999 3609 1050 3662 hoc
1080 3609 1169 3678 ipsum
1187 3625 1357 3678 parasemum

175 3677 319 3742 babuerit;
341 3676 420 3746 idque
438 3676 480 3731 vel
497 3694 528 3730 er
547 3676 677 3745 religione
705 3677 803 3730 Idaeae
823 3677 933 3741 matris,
964 3677 1007 3730 vel
1037 3692 1068 3730 ex
1099 3680 1179 3745 capta
1209 3676 1273 3729 olim
1290 3693 1359 3730 nave

177 3744 308 3812 Troiana,
327 3743 370 3797 vel
389 3760 419 3797 ex
438 3744 499 3798 aliis
528 3745 617 3799 causis
647 3745 734 3866 repplti
761 3746 859 3813 porse]
895 3743 947 3799 Sed
977 3743 1043 3797 haec
1062 3743 1197 3798 dubitatio
1222 3744 1359 3797 evanescit

175 3811 345 3872 recordanti,
363 3812 441 3865 binas
460 3827 543 3866 naves
561 3829 624 3867 suas
641 3814 676 3883 (V
720 3851 727 3875 ,
746 3816 778 3866 79
795 3814 866 3881 sqq.)
900 3812 1005 3865 Aeneae
1023 3827 1051 3864 se
1074 3810 1191 3865 iunxisse
1208 3810 1243 3863 ad
1261 3811 1359 3863 Caere-

175 3883 276 3934 tanum
295 3881 431 3948 portum.“
466 3880 555 3947 Hepn.
591 3880 682 3934 Gessr.
702 3894 806 3949 quoque
824 3895 870 3933 cos
888 3878 973 3932 falsos
992 3895 1050 3931 esse
1069 3881 1172 3940 censet,
1198 3878 1244 3945 qui
1262 3893 1356 3929 navem

174 3964 192 4001 a
209 3947 310 4001 Tuscis
326 3947 431 4001 Aeneae
448 3948 614 4001 exstructam
632 3946 736 4017 (quidni
756 3946 958 4016 suppeditatam
976 3945 1086 4011 model)
1114 3946 1218 4013 putent,
1249 3944 1357 3996 etcum

263 4014 315 4077 sit,
343 4016 375 4068 ut
391 4030 446 4068 una
464 4017 536 4069 certe
554 4014 630 4068 naris
661 4013 757 4068 relicta
786 4014 883 4077 fuerit,
914 4013 941 4065 in
971 4028 1025 4081 qua
1043 4012 1148 4065 Aeneas
1168 4013 1358 4075 reverteretur,

171 4083 250 4205 quod
268 4082 406 4204 Veppilius
424 4082 499 4145 VIII,
520 4086 579 4135 548.
599 4097 809 4136 commemorare
828 4080 959 4158 omiserit,
979 4095 1093 4158 cumque
1110 4079 1213 4132 Aeneas
1225 4077 1301 4156 VIII,
1316 4081 1357 4156 79.

193 4151 283 4205 uabus
338 4149 499 4204 cerambus
518 4150 553 4203 ad
570 4150 726 4203 Evandrum
743 4150 874 4203 advectus
900 4150 950 4211 srt,
981 4147 1123 4200 Troianam
1142 4161 1237 4200 navem
1254 4144 1299 4199 bro
1316 4161 1358 4197 rn-

170 4217 355 4289 teffigeudam
373 4221 466 4287 putat;
484 4218 527 4272 cui
544 4221 636 4271 tamen
655 4216 775 4287 opinioni
791 4216 878 4271 totius
895 4214 948 4269 loci
967 4213 1154 4276 conformatio,
1173 4214 1210 4267 im
1231 4212 1358 4281 rimisque

169 4288 258 4342 verba
275 4285 326 4339 ills
388 4287 485 4354 ofepia
503 4286 661 4353 cratissima
679 4285 794 4338 Teucris
821 4285 864 4337 vix
893 4281 1030 4337 conciliari
1056 4283 1178 4351 possunt.
1239 4282 1358 4335 erissImc

286 4304 386 4407 stubs
394 4357 494 4416 mouet,
513 4368 662 4421 numquam
681 4368 740 4406 esse
757 4351 981 4417 obliviscendum,
1011 4365 1061 4404 nos
1087 4349 1116 4403 in
1133 4351 1225 4420 poete,
1256 4365 1308 4402 non
1329 4349 1357 4399 in

166 4360 306 4479 ligandos
325 4421 436 4490 versari,
452 4420 584 4489 illumque
601 4423 758 4474 contentum
779 4436 845 4485 esse,
863 4420 887 4472 si
905 4418 1092 4485 imaginationi
1115 4421 1223 4471 nestrae
1237 4416 1357 4535 pruden-

166 4499 214 4548 ter
233 4488 413 4545 satisiecerit.
433 4517 464 4527 -
485 4487 544 4548 isa.
564 4488 645 4553 Hic,
663 4488 691 4541 in
723 4488 795 4557 uppi,
815 4488 892 4540 iuxta
904 4484 980 4539 navis
993 4486 1108 4539 tutelam
1126 4485 1172 4554 (ci.
1185 4484 1256 4562 Ovi.
1305 4550 1312 4562 ,

165 4563 190 4628 1,
215 4565 258 4626 10,
280 4555 669 4623 1.Heroid.x1,1rt.Pers.
713 4556 739 4622 l,
759 4558 799 4609 30.
819 4556 897 4619 etc),
926 4556 1017 4607 sedet
1040 4555 1181 4619 Aeaeae,
1213 4566 1275 4620 qma
1299 4565 1358 4618 epse

163 4632 284 4684 clavam
301 4628 374 4695 repit
392 4628 429 4693 (v.
447 4625 532 4687 tra.);
551 4622 738 4691 gubernatoris
758 4624 850 4676 autern
865 4621 940 4676 locus
963 4624 1005 4675 est
1027 4622 1055 4675 in
1073 4619 1166 4690 puppi.
1186 4650 1217 4659 -
1235 4633 1358 4670 sectam-

1257 4482 1357 4536 .Trist.
1438 4517 1443 4521 -

162 4693 557 4768 quevolstetEoentas
581 4691 671 4746 belli.
706 4690 892 4757 Cf.V1,157.
925 4689 1081 4758 Graecosque
1109 4688 1216 4741 volmar
1235 4685 1356 4737 Eventus
1459 4743 1467 4750 N

161 4767 266 4819 animo
296 4758 760 4819 eemua.-161.iarn-iam.
796 4757 857 4812 Vid.
876 4756 910 4809 ad
929 4756 976 4823 IV,
999 4761 1053 4811 157.
1083 4786 1116 4795 -
1146 4752 1292 4831 qaaerit·
1311 4753 1355 4804 si·

162 4839 255 4889 der-a
289 4832 318 4900 (i.
331 4848 355 4885 e.
377 4828 489 4883 nomina
506 4824 633 4889 sidorum,
652 4825 708 4880 vel:
746 4826 833 4878 uuerit
845 4823 878 4878 de
891 4823 1032 4887 sideribus,
1052 4825 1084 4876 ut
1101 4835 1231 4891 qrmercre
1248 4819 1361 4887 alequid

162 4915 215 4969 pro
247 4873 380 4983 quaerere
411 4896 446 4948 de
473 4894 564 4963 aliqua
586 4910 614 4948 re
631 4895 712 4947 etiam
727 4842 773 4960 ll,
794 4896 851 4946 105.
871 4892 917 4957 vl,
934 4896 990 4946 868.
1008 4891 1043 4945 al.
1073 4889 1200 4959 legimns)
1234 4904 1360 4968 opacae

161 4978 285 5026 accere
301 4971 346 5038 (ut
365 4962 443 5023 VIII,
462 4966 533 5029 658.)
550 4962 627 5027 iter,
657 4961 754 5031 quibus
785 4964 933 5015 nectemus
951 4976 999 5028 per
1026 4972 1100 5011 mere
1129 4970 1223 5008 cursus
1242 4958 1357 5025 regitur.

1097 5039 1148 5095 22*
