3359 5725
576 550 691 619 CIBIS
715 576 745 618 v.
767 558 952 625 433-443.

175 715 227 780 Me
249 740 312 781 non
334 716 459 782 deliciis
482 718 656 783 commovit
675 740 710 783 re
736 719 767 783 'a
789 718 891 804 dives,

175 799 307 866 Curulio
328 800 437 888 fragili
461 809 558 888 atque
579 800 699 882 electro
733 803 905 886 acrimoso,

174 881 228 947 Me
249 905 313 950 non
333 883 485 951 florentes
509 883 637 972 aequali
660 907 797 972 corpore
814 885 990 974 nymphae,

175 965 247 1030 Non
269 976 372 1032 metus
393 969 557 1033 incensam
581 968 685 1054 potuit
706 969 846 1034 retinere
869 969 1012 1035 deorum.

174 1048 294 1114 Omnia
316 1052 416 1116 vincit
438 1073 544 1115 amor:
567 1050 646 1138 quid
668 1053 753 1117 enim
774 1075 838 1118 non
861 1055 1006 1118 vinceret
1026 1052 1103 1119 ille?

174 1131 245 1196 Non
267 1132 347 1198 mihi
368 1137 433 1200 iam
454 1136 568 1221 pingui
590 1133 753 1201 sudabunt
774 1145 925 1223 tempora
944 1137 1090 1223 myrrha,

172 1215 327 1281 Pronuba
343 1240 405 1283 nec
427 1227 535 1282 castos
557 1217 714 1284 accendet
759 1220 833 1284 inus
856 1219 1004 1302 honores,

172 1297 242 1363 Nec
263 1298 367 1386 Libys
389 1300 527 1388 Assyrio
551 1311 712 1367 sternetur
733 1241 873 1367 ldctulus
894 1311 991 1368 ostro.
1297 1320 1347 1371 444

173 1381 270 1446 Vana
290 1405 424 1471 queror;
442 1406 503 1449 nec
524 1407 575 1449 me
596 1384 653 1450 illa
675 1385 805 1472 quidem
830 1386 1009 1452 communis
1032 1385 1194 1453 alumnam

175 1463 339 1531 Omnibus
362 1467 482 1533 iniecta
500 1465 595 1533 tellus
616 1468 790 1548 tumulabit
802 1468 942 1535 harena.

172 1546 269 1613 Mene
290 1549 375 1615 inter
395 1560 515 1617 matres
536 1549 773 1639 ancillaresque
793 1554 938 1634 maritas,

172 1800 241 1851 sum,
254 1782 369 1839 conferri
377 1782 452 1837 iubet
461 1781 535 1836 Cort.
546 1783 581 1838 41
591 1784 691 1840 Lucan.
700 1784 737 1852 II,
747 1788 804 1838 328.
818 1786 847 1840 41
859 1785 892 1840 14
904 1784 1013 1840 Graecis
1024 1784 1122 1841 Matth.
1137 1786 1184 1842 Gr.
1199 1786 1246 1842 Gr.
1274 1792 1348 1845 ,51)4.

171 1852 192 1905 1.
202 1853 291 1920 peut.
310 1852 366 1906 Nos
377 1866 448 1904 nuuc
459 1867 518 1905 cum
531 1853 723 1907 receutIoribus
733 1852 881 1909 editoribus
893 1853 1041 1923 recepimus
1049 1853 1163 1923 Hauptii
1171 1854 1239 1908 coni.
1250 1794 1347 1924 donas.

170 1950 203 1957 -
217 1917 282 1999 438.
296 1919 348 1973 Me
365 1937 429 1974 ooo
441 1934 471 1972 ex
486 1918 569 2000 114141.
584 1923 612 1975 41
626 1920 741 2001 Helmst.
756 1919 859 1991 recepit
871 1919 970 2001 SiIlIg.3
983 1920 1065 2000 vulgo
1077 1921 1144 1976 Non
1155 1939 1201 1976 me.
1217 1953 1245 1962 -
1261 1940 1347 2005 com-

170 1985 1347 2175 414’41131111141111111411141114411141ῑ

171 2138 241 2185 men,
274 2138 336 2176 cum
378 2120 438 2175 odd.
458 2122 540 2175 verbs
557 2139 662 2177 muerso
680 2123 773 2178 ordine
792 2132 817 2177 et
834 2122 983 2178 lacrimoso
1000 2125 1101 2178 electro
1119 2125 1270 2187 exhibeant,
1298 2128 1348 2180 ali·

171 2188 237 2258 quid
255 2189 383 2243 excidisse
402 2191 430 2243 41
446 2191 554 2258 poetam
572 2191 610 2246 sic
628 2190 684 2245 fere
702 2191 844 2260 scripsisse
861 2207 907 2244 eus
926 2191 1028 2245 icatur:
1060 2191 1176 2246 Cicrolr'o
1203 2193 1349 2264 splendens

171 2257 276 2325 frops'li
304 2265 330 2310 et
355 2257 506 2337 shmruoso
533 2257 644 2337 4144144.
663 2289 695 2298 -
715 2259 857 2313 Curatio
876 2207 952 2313 ludu.
981 2261 1009 2313 et
1028 2258 1116 2330 Sillig.
1139 2260 1282 2315 ediderunt
1298 2279 1347 2331 pro

170 2324 244 2393 vulg.
263 2323 385 2378 0444144.
421 2324 483 2378 Vrd.
502 2324 593 2380 Heme.
613 2325 648 2381 ad
667 2326 745 2381 Ouid.
764 2327 828 2381 Met.
847 2326 893 2389 lV,
912 2332 969 2381 750.
989 2357 1020 2365 -
1039 2336 1138 2407 atque
1156 2346 1204 2398 pro
1222 2329 1293 2397 vulg.
1314 2349 1348 2384 ac

170 2409 231 2446 curn
250 2392 353 2471 Heynio
373 2397 402 2446 et
419 2390 514 2445 Iahnio
533 2392 618 2447 edidit
635 2393 722 2473 Sillig.
740 2393 842 2473 Haupt.
862 2410 924 2447 uero
943 2394 1061 2447 mutavit
1078 2411 1105 2448 m
1125 2403 1180 2448 441.
1209 2396 1347 2462 Ribbeck,

171 2476 250 2530 quem
270 2462 393 2529 sequitur
405 2459 534 2524 Benoist.,
553 2462 728 2530 transpositis
740 2462 829 2515 verbis
841 2477 856 2514 e
868 2460 952 2514 Codd.
966 2460 1052 2514 edidit
1063 2462 1151 2515 Dices
1163 2463 1272 2517 curalio
1283 2466 1348 2528 fra·
1434 2511 1437 2517 .

168 2527 998 2597 911441444144444144444-144414444444414414444,
1012 2529 1145 2598 quietern
1164 2530 1348 2586 uamlscrima
1443 2550 1445 2554 ·

169 2613 200 2652 ex
218 2595 360 2650 arboribus
377 2594 538 2664 quibusdam
557 2595 654 2650 stillat.
678 2596 728 2662 (cf.
750 2595 825 2651 Ouid.
839 2596 903 2650 1141.
922 2595 959 2658 11,
972 2599 1029 2650 364.
1041 2596 1119 2666 Verg.
1158 2597 1189 2652 cl.
1203 2599 1280 2660 VIH,
1296 2600 1347 2662 53.)

170 2695 203 2703 -
224 2662 289 2724 435.
314 2663 452 2731 aequali
473 2678 629 2732 corpore,
655 2666 764 2732 propter
782 2666 901 2717 aetatem
919 2664 1067 2743 aequalem.
1087 2694 1112 2702 -
1136 2666 1298 2736 nymphae
1316 2683 1347 2720 ex

169 2731 273 2787 Graeca
290 2730 385 2800 lingua
402 2733 444 2784 est
458 2729 659 2793 illustrandum,
674 2747 889 2801 quaequumque
903 2731 1033 2800 virginem
1047 2732 1166 2786 nubilem
1179 2733 1228 2787 hoc
1241 2733 1348 2789 nomine

169 2793 1346 2924 44414444.444444441413714441..44

169 2936 237 2990 Cum
256 2934 417 2996 443141.
437 2934 492 2989 1141.
512 2935 545 2997 X,
565 2940 604 2990 19.
628 2966 657 2974 -
676 2935 736 2989 Vsa.
755 2935 812 2996 488
830 2952 898 3005 sqq,
929 2936 958 2988 in
988 2886 1188 3006 quibuseioeta
1204 2940 1267 2992 ante
1286 2954 1347 2991 ocu·

169 3002 212 3058 los
228 3003 324 3057 habuit
341 3001 440 3057 Oatull.
460 3001 555 3066 LXIV,
573 3007 614 3057 43.
635 3007 675 3057 48.
697 3006 725 3058 41
743 3007 793 3066 49,
812 3003 848 3057 sd
865 3002 1022 3072 nuptiarum
1039 3004 1108 3057 ritus
1125 3004 1266 3070 referendi,
1288 3005 1346 3075 qui·

168 3073 221 3126 bus
247 3086 319 3125 nunc
347 3087 376 3125 se
397 3071 530 3139 privatam
550 3070 640 3139 Scylla
663 3071 842 3140 conqueritur.
878 3071 1000 3125 PrImum
1033 3088 1085 3125 nou
1107 3072 1223 3142 inungat
1240 3089 1347 3141 sponsa.

170 3146 371 3209 —temporo
398 3140 580 3201 sudabant,
610 3137 720 3192 madida
749 3137 1086 3204 4444114114111441,
1108 3140 1346 3219 naumann,

169 3207 284 3270 582144
310 3208 408 3273 rrla,
427 3208 565 3275 unguento
584 3206 730 3276 myrrhino.
765 3205 807 3260 cf.
826 3207 891 3260 Aen.
910 3205 971 3268 XII,
992 3209 1047 3261 100.
1083 3206 1127 3261 Sic
1144 3224 1230 3277 neque
1249 3208 1347 3276 Heyui1

169 3275 237 3329 coni.
255 3226 398 3353 4141141441
415 3291 490 3343 opus,
523 3289 609 3343 neque
626 3273 685 3328 Sill'
708 3273 725 3286 ''
736 3273 893 3354 ‚artificiosa
913 3273 1098 3354 explicatione,
1117 3291 1152 3354 ex·
1165 3292 1219 3344 qus
1235 3277 1347 3338 441444,

169 3341 241 3423 quod
259 3358 365 3411 proprie
383 3341 507 3411 myrrhae
525 3343 634 3396 tantum
655 3357 685 3395 ar
704 3342 795 3395 oribus
813 3341 928 3395 sudatas
946 3345 1094 3406 convenrat,
1126 3342 1170 3397 hro
1186 3359 1234 3412 per
1264 3342 1346 3396 4414-

169 3426 239 3465 cram
269 3410 388 3478 aliquam
410 3409 444 3464 ad
465 3412 588 3478 tempora
607 3409 712 3478 Scyllae
732 3408 924 3464 transferatur.
942 3440 973 3448 -
992 3407 1058 3470 433.
1088 3410 1144 3465 Nec
1164 3411 1286 3478 pronuba
1303 3427 1347 3465 ac-

169 3476 267 3533 cendet
295 3475 390 3532 taedas
416 3477 561 3546 nuptiales.
582 3508 615 3516 —
633 3479 778 3531 bonores
806 3493 855 3546 pro
885 3477 955 3546 vulg.
975 3480 1077 3532 odores
1093 3477 1151 3533 Silli
1173 3522 1178 3533 .
1197 3478 1300 3548 recepit
1317 3494 1348 3532 ex

169 3545 242 3625 cod..
255 3544 341 3599 Rehd.
354 3545 414 3600 coll.
431 3562 455 3599 v.
473 3550 527 3600 146.
546 3546 638 3625 411144Ι
660 3544 807 3625 neum,
821 3549 925 3600 541-
942 3543 1010 3605 440.
1029 3546 1132 3614 Libys
1149 3494 1309 3612 deotatus,
1329 3545 1347 3599 i.

168 3632 191 3670 c.
212 3614 329 3682 Libycus
349 3630 371 3667 s.
391 3614 525 3667 eburneus
543 3611 598 3681 (vel
615 3562 735 3679 crlreus).
765 3612 827 3666 Vrd.
848 3629 931 3683 supra
948 3613 982 3665 41
1003 3630 1027 3670 v.
1051 3617 1107 3669 179.
1125 3614 1225 3669 Forma
1240 3612 1348 3669 Adiect.

169 3681 256 3751 Libya
272 3680 375 3749 legitur
392 3681 476 3735 etiarn
494 3697 510 3735 4
530 3722 536 3734 .
556 3680 632 3735 Ovid.
654 3680 723 3735 Met.
742 3680 790 3748 IV,
811 3685 869 3734 570.
900 3681 968 3736 Stat.
987 3681 1049 3736 silv.
1069 3682 1117 3745 IV,
1135 3686 1160 3745 2,
1180 3686 1219 3737 27.
1247 3682 1348 3737 Lucan.

169 3749 217 3815 VI,
238 3751 295 3805 221.
327 3748 388 3803 Seu.
409 3749 488 3804 Herc.
507 3698 567 3804 det.
586 3752 626 3802 24.
645 3748 678 3803 sl.
698 3779 730 3787 -
748 3750 892 3816 Assyrio
923 3755 1023 3803 ostro.
1059 3749 1119 3804 Vid.
1150 3750 1184 3804 41
1214 3750 1279 3805 Gec.
1310 3748 1348 3816 11,

168 3821 229 3871 465.
250 3820 279 3870 41
297 3815 349 3878 ΙΠ,
372 3820 411 3870 17.
443 3816 797 3879 441141441411441,
818 3820 927 3870 7041-
945 3815 1009 3875 441.
1040 3816 1094 3871 Pro
1128 3817 1198 3886 vulg.
1230 3817 1346 3871 lectione

170 3885 279 3952 Mopsus
296 3901 356 3938 cunr
375 3884 569 3939 recentioribus
589 3884 738 3939 editoribus
757 3883 844 3952 recepi
864 3883 969 3938 Heinsii
986 3883 1054 3936 coni.
1072 3883 1159 3937 Vana.
1175 3918 1201 3923 --
1222 3884 1255 3938 ln
1274 3899 1347 3953 seqq.

170 3952 252 4022 vulgo
281 3969 330 4005 occ
347 3959 372 4005 et
389 3952 441 4005 illo
497 3952 570 4006 idem
589 3952 737 4005 communis
754 3950 866 4004 4144444
873 3970 885 4018 ,·
911 3951 1019 4019 quibus,
1051 3966 1110 4004 cum
1130 3958 1348 4004 reomensem

169 4037 223 4076 non
252 4019 361 4082 habeat,
390 4022 419 4073 et
480 4038 563 4073 omno
583 4035 715 4087 nusquam
734 4017 841 4072 dicatur
859 4018 948 4072 activa
966 4016 1057 4086 signif.
1077 4034 1126 4086 pro
1143 4018 1248 4073 nutrice
1266 4017 1348 4087 (quod

168 4088 255 4157 Sillig.
274 4088 318 4141 lon
373 4086 415 4141 dis
435 4087 556 4141 utatioue
574 4086 668 4140 docere
688 4085 798 4148 studet;
817 4084 870 4139 vid.
889 4087 980 4139 tamen
1001 4100 1082 4153 supra
1100 4085 1135 4139 41
1153 4102 1176 4139 v.
1196 4086 1348 4152 2741441)-

170 4156 286 4211 stituis
332 4155 398 4224 ’geri
415 4103 574 4208 lacillImem
592 4152 773 4207 cniecturam
796 4169 845 4232 444
862 4170 903 4205 me
920 4181 932 4193 ·
948 4180 960 4192 ·
982 4154 1127 4206 atomorum.
1154 4152 1249 4233 1111114.
1266 4152 1348 4221 paulo

168 4223 343 4280 artificiosius
361 4222 469 4277 coniicit
485 4238 534 4275 occ
552 4238 593 4275 me
611 4252 623 4262 -
641 4252 653 4262 -
670 4227 847 4275 communiter
864 4220 947 4284 olma,
965 4219 998 4274 de
1015 4237 1063 4274 aee
1080 4249 1092 4260 ·
1147 4222 1221 4275 adem
1237 4221 1346 4276 Passov.

170 4296 199 4347 et
217 4291 293 4346 Hess.
313 4291 347 4344 sd
368 4291 430 4345 Tse.
450 4289 538 4346 Germ.
559 4294 592 4353 7.,
616 4290 649 4343 14
668 4290 743 4343 alma
761 4289 858 4342 4411444
875 4288 947 4343 Serv.
966 4286 1000 4342 41
1021 4290 1085 4343 Aen.
1131 4330 1138 4356 ,
1158 4292 1215 4344 252.
1233 4288 1349 4343 conferri

170 4361 273 4414 iubens.
309 4358 369 4415 Vid.
400 4359 480 4413 etism
510 4356 545 4411 ad
573 4357 639 4411 Aen.
669 4356 717 4421 VI,
741 4360 780 4409 74.
816 4355 894 4412 Putz.
926 4374 951 4425 p.
987 4360 1028 4410 21.
1060 4355 1182 4412 defendit
1208 4356 1349 4425 vulgarem

170 4428 290 4481 omnium
310 4425 394 4481 Oodd.
421 4429 449 4481 et
477 4425 555 4480 editt.
575 4425 715 4494 antiquiss.
735 4424 877 4478 lectionem
895 4427 924 4478 et
941 4425 1081 4479 4144444444
1097 4424 1240 4495 aliquoties
1258 4423 1348 4477 441144

170 4496 194 4549 si
233 4495 262 4549 il.
283 4493 316 4548 de
336 4493 418 4549 terris
437 4493 491 4548 dici
510 4496 651 4556 memorat,
684 4493 716 4546 ut
732 4508 773 4561 ap.
792 4490 888 4547 Silium
905 4492 944 4546 IX
972 4496 1031 4547 552.
1050 4493 1141 4561 Libya
1158 4494 1278 4558 olomeo,
1305 4507 1348 4571 sp.

171 4563 193 4617 P
236 4561 298 4617 ,Ill
322 4567 336 4615 5
360 4566 383 4616 6.
411 4562 498 4617 letio
510 4562 776 4616 omnirrmtoruarum
794 4559 908 4614 alumna
926 4533 953 4614 el
971 4575 1013 4630 ap.
1033 4560 1107 4615 Flos.
1128 4560 1177 4624 ΙΠ,
1198 4563 1238 4614 21.
1270 4559 1349 4612 Ostra

171 4631 249 4684 urbis
272 4603 395 4697 (1144444)
419 4630 545 4684 altanum:
563 4630 665 4698 Haupt.
692 4630 720 4682 41
742 4627 903 4697 posteriores
930 4628 1047 4683 editores
1071 4631 1229 4695 receperunt
1250 4627 1291 4680 He
1311 4626 1349 4680 nii

172 4698 354 4753 coniecturam
372 4715 414 4751 me
432 4715 466 4751 oe
485 4728 497 4738 ·
515 4727 527 4737 -
545 4698 693 4751 olumnam.
712 4726 744 4734 —
763 4692 827 4755 442.
851 4697 1040 4750 1444414111.
1076 4695 1116 4750 cl.
1135 4695 1235 4750 catull.
1253 4642 1348 4761 lelV,

174 4769 231 4821 158.
261 4772 271 4833 (
292 4765 320 4818 41
338 4765 412 4819 locus
430 4767 624 4821 obversabatur
642 4766 757 4842 444144).
775 4761 853 4819 Ouid.
867 4763 932 4818 1141.
952 4764 1026 4830 VIII,
1046 4768 1101 4818 710.
1121 4763 1178 4826 XV,
1198 4767 1255 4817 716.
1274 4779 1304 4816 ex
1317 4762 1347 4818 P.

170 4783 405 4902 444141-
424 4831 482 4892 443
499 4850 556 4904 sqq.
590 4834 667 4888 11444
695 4831 773 4885 114441
790 4833 863 4886 corte
881 4834 1019 4902 tamquam
1039 4831 1173 4912 captivam
1191 4830 1219 4884 in
1238 4830 1347 4885 Cretam

172 4900 271 4957 abduci
303 4903 332 4955 et
360 4901 398 4957 ibi
427 4900 517 4956 seruili
535 4898 1201 4969 4444444144’141444441144444144414441
1236 4898 1278 4953 CI.
1297 4897 1348 4952 Cu·

172 4968 234 5026 tull.
255 4968 274 5023 l
292 4969 310 5025 1.
328 4986 353 5024 v.
375 4974 422 5024 158
440 4985 499 5039 sqq.
531 4974 559 5025 et
587 4968 718 5025 Mltschcr
755 4966 845 5022 Lectt.
874 4966 902 5022 in
920 4967 1019 5023 Catuli
1051 4984 1077 5036 p.
1096 4971 1153 5023 107.
1181 4965 1226 5038 (ab
1245 4966 1348 5036 Heynio
