3359 5725
335 572 395 634 360
680 562 715 625 Ρ.
758 561 942 627 VERGILI
964 560 1162 627 MARONIS

335 735 483 817 Namque
502 729 626 794 inflicta
647 727 740 792 vadis
763 726 860 791 dorso
883 725 959 790 dum
1005 726 1104 789 endet
1123 725 1246 811 iniquo,
1357 755 1358 758 ¹

335 816 466 900 Anceps
489 820 669 877 sustentata
690 809 746 875 din
767 810 948 896 fluctusque
984 810 1098 893 atigat,

337 897 480 963 Solvitur
503 895 708 982 atqueviros
731 892 847 958 mediis
869 892 1003 978 exponit
1024 893 1059 955 iu
1080 890 1192 963 undis3

335 980 516 1064 Fragiiiina
535 999 697 1042 remorum
720 998 800 1064 quos
823 985 856 1040 et
876 974 1038 1038 fluitantia
1059 984 1202 1038 transtra

336 1062 514 1150 inpediunt
534 1059 736 1147 retrahitque
757 1058 875 1158 pedem
897 1057 994 1122 simul
1018 1056 1106 1121 unda
1127 1055 1289 1121 relabens.

420 1145 489 1210 Nec
511 1144 657 1208 Turnum
681 1165 790 1228 segnis
812 1143 931 1206 retinet
951 1163 1053 1223 mora,
1076 1139 1134 1205 sed
1156 1141 1245 1237 rapit
1266 1160 1344 1203 acer

339 1229 469 1314 Totam
480 1229 583 1292 aciem
606 1229 640 1290 in
663 1225 808 1291 Teucros
826 1233 858 1290 et
880 1226 1048 1290 contrairi
1071 1223 1165 1289 litore
1185 1223 1281 1287 sistit

338 1543 405 1581 caue
422 1543 473 1580 noir
494 1526 581 1580 solum
599 1526 649 1592 est,
669 1525 714 1595 qui
731 1541 783 1578 noir
802 1526 888 1588 nocet,
907 1524 953 1578 sed
972 1523 1055 1581 etiam
1073 1523 1116 1579 cui
1132 1539 1185 1576 uoii
1202 1523 1322 1577 uocetur.
1359 1520 1400 1574 Cf.
1418 1517 1502 1573 Claud.

338 1596 368 1649 R.
386 1594 462 1649 Pros.
482 1594 518 1659 Il,
538 1598 595 1648 349.
654 1611 732 1646 anien
748 1592 855 1646 Averni
881 1594 1016 1647 innocuae
1046 1591 1184 1645 memmae
1212 1607 1285 1643 acea.
1308 1589 1345 1642 id.
1363 1588 1415 1642 111.
1434 1587 1502 1639 Cous.

338 1663 408 1716 Hon.
435 1666 490 1716 192.
526 1661 605 1716 Cous.
660 1660 706 1715 all.
726 1660 826 1714 Theod.
846 1664 903 1713 330.
939 1660 1014 1714 Ouid.
1033 1659 1108 1713 Fast.
1138 1658 1187 1721 IV,
1207 1660 1264 1710 666,
1292 1657 1401 1710 Nemes.
1419 1654 1471 1708 Ecl.
1486 1653 1502 1712 1.

338 1737 379 1784 55.
400 1734 450 1783 etc.
486 1728 558 1782 bled.
577 1745 593 1781 a
612 1744 647 1782 m.
685 1745 705 1781 r.
735 1730 764 1782 et
781 1728 850 1781 Gud.
881 1727 1006 1782 exhibent
1023 1728 1153 1793 ιἰιιιοαιε,
1183 1724 1230 1778 sed
1250 1726 1389 1778 innomine
1409 1724 1504 1790 praeter

339 1798 442 1852 ceteros
459 1796 541 1850 Codd.
561 1796 642 1849 etiam
689 1795 765 1848 onius
783 1811 810 1864 p.
828 1799 889 1861 444,
908 1798 947 1848 ii.
967 1797 994 1848 et
1016 1796 1089 1849 Serv.
1106 1794 1251 1847 testantur.
1271 1824 1301 1831 --
1321 1789 1387 1851 303.
1406 1789 1505 1844 vadii.

338 1866 449 1943 Haupt,
465 1862 592 1917 Ribbeck.
622 1866 651 1916 ct
668 1861 773 1916 Ladew.
803 1866 961 1932 receperunt
990 1862 1068 1915 unius
1086 1861 1180 1914 Pata
1205 1876 1240 1912 ni.
1258 1877 1291 1927 pr
1318 1863 1347 1912 et
1370 1857 1451 1911 Probi
1469 1873 1505 1924 ap.

338 1933 461 1986 Servium
480 1930 621 1984 lectionem
638 1931 713 1982 vadi.
749 1929 802 1983 Sed
821 1933 893 1983 recte
906 1931 1000 1999 Wagn.
1019 1930 1045 1981 iii
1058 1927 1128 1982 Phil.
1149 1927 1167 1980 l.
1178 1928 1196 1980 l.
1216 1932 1368 1980 ceterorum
1386 1925 1505 1978 librorum

339 1998 459 2053 omnium
477 1997 640 2066 scripturam
660 1996 937 2051 commendabiliorem
967 2000 1071 2058 censet,
1101 2012 1162 2049 cum
1179 1994 1267 2048 verbis
1298 1995 1408 2061 inflicta
1438 1991 1508 2045 υαάίι

340 2082 421 2120 causa
439 2063 581 2130 reddatur,
629 2079 692 2117 uere
711 2063 773 2131 fiat,
802 2066 834 2117 ut
869 2065 967 2119 audeat
984 2065 1073 2119 dorso.
1109 2061 1199 2116 Ceteri
1217 2060 1382 2115 recentiores
1400 2060 1508 2114 editores

338 2134 419 2186 coriis
436 2134 552 2184 servant.
589 2080 630 2185 Gi.
651 2131 674 2193 1,
695 2135 751 2186 iii.
780 2082 871 2210 wli
956 2133 1045 2186 cadis.
1092 2129 1244 2183 Hoffmann.
1263 2128 1292 2180 in
1310 2128 1448 2206 Zeitsclir.
1459 2131 1509 2195 siti

339 2203 369 2253 d.
392 2199 477 2251 Oestr.
500 2198 534 2251 G.
558 2201 630 2251 1866.
650 2214 677 2267 p.
694 2201 752 2251 494.
773 2201 856 2252 ctiam
892 2199 1005 2254 eProbi
1022 2197 1158 2266 scriptura
1175 2195 1291 2259 dubitat,
1322 2195 1372 2249 sed
1389 2193 1508 2249 Ribbeck.

341 2264 447 2334 Proleg.
468 2281 495 2333 p.
517 2269 572 2318 iic.
594 2264 680 2327 docet,
699 2263 839 2319 Thilonem
867 2266 895 2319 in
913 2266 978 2321 Cod.
996 2266 1082 2320 Paris.
1103 2268 1191 2330 1926,
1221 2264 1248 2316 iii
1277 2279 1331 2331 quo
1364 2262 1423 2316 solo
1452 2261 1510 2314 baec

338 2332 422 2386 Probi
437 2332 539 2386 notatio
557 2331 723 2396 inveniatur,
753 2349 782 2386 re
799 2348 863 2387 vera
880 2336 960 2401 vadi,
989 2350 1043 2387 noii
1069 2333 1161 2398 codd,
1188 2329 1343 2392 invenisse.)
1363 2331 1510 2382 —dorso

340 2399 466 2468 iniquo.
502 2400 644 2468 „Dorsum
661 2403 703 2454 est
720 2399 811 2454 durior
829 2417 911 2455 arena
925 2404 1006 2468 (clv),
1025 2416 1093 2480 quae
1110 2398 1294 2452 remeantibus
1314 2397 1445 2451 fluetibus
1462 2395 1511 2465 ple-

340 2483 452 2590 ittet
469 2465 1510 2590 latitaturum„stultiut11t¹¹⁰tlltittttmut

341 2620 435 2722 quium
454 2602 600 2657 secundum
618 2601 722 2656 Peerlk.
740 2619 793 2656 non
811 2606 854 2656 est
871 2604 987 2666 noxium,
1006 2576 1161 2666 exitiosum,
1179 2600 1226 2654 sed
1244 2599 1396 2667 inaequale.
1433 2597 1510 2662 „Quis

361 2685 450 2723 orsum
470 2677 529 2723 erat
547 2670 681 2738 iniquum,
706 2669 764 2723 ideo
785 2671 861 2723 nasis
879 2688 980 2740 anceps
1036 2670 1127 2723 tatur.
1163 2667 1190 2723 Si
1208 2684 1259 2720 non
1275 2666 1375 2721 suisset
1387 2666 1510 2736 iniquum,

341 2752 435 2789 navem
454 2735 584 2790 deducere
601 2737 765 2802 potuissent,
798 2740 829 2791 nt
858 2738 980 2791 fecerunt
1006 2738 1012 2750 ¹
1038 2737 1043 2748 '
1066 2738 1133 2791 Aen.
1151 2735 1182 2798 V,
1202 2737 1279 2789 2053*
1316 2735 1406 2789 Verba
1434 2735 1510 2785 dorso

342 2806 408 2856 dani
421 2806 524 2872 pendet
540 2803 634 2871 iniquo
652 2804 810 2872 repetuntur
833 2804 861 2856 in
879 2804 962 2858 Anth.
981 2805 1042 2859 liat.
1059 2804 1081 2868 1,
1104 2807 1159 2868 146,
1180 2807 1217 2856 ic.
1241 2832 1268 2840 -
1296 2799 1360 2863 304.
1382 2801 1511 2872 ,pendet

342 2888 462 2939 aiicepa
478 2877 680 2933 sustentato,
699 2887 830 2939 suspensa
848 2889 876 2925 se
894 2871 991 2935 librat,
1059 2873 1125 2935 tat,
1144 2871 1269 2940 quoniam
1288 2870 1398 2924 sulcuni
1415 2868 1509 2923 nuhuu

342 2938 480 3059 prpprppqit
499 2938 567 3058 ⁸25⁸
584 2938 679 3058 alihffi'
698 2954 746 2992 nec
758 2939 867 3019 firmata
882 2940 974 2994 carina
982 2943 1054 3061 asltgr
1057 2941 1118 2994 ilem
1133 2938 1216 2993 babet
1226 2938 1354 3058 sede&
1364 2938 1407 3034 (gs.
1419 2937 1509 3055 Ιῇαιιι.

342 3047 416 3126 ldiiin
434 3007 520 3153 lleyri.
536 3022 618 3127 iiiiii
634 3014 868 3153 iutertpiiiirgialiiist
883 3008 1198 3138 pqqnmaeupeffl
1216 3024 1255 3127 iiii
1272 3025 1320 3141 ἴθι]
1341 3114 1350 3150 ·.
1355 3006 1509 3140 1661116Ἑῖ

342 3140 397 3219 Sed⁸
419 3157 556 3196 verissime
580 3141 688 3208 Wapm:
718 3143 786 3205 „diu
815 3142 980 3211 praegressis
1008 3141 1221 3211 adiungendum,
1252 3142 1285 3192 ut
1314 3089 1419 3208 iiiique
1436 3151 1510 3191 norae

342 3208 457 3261 notionis
476 3208 599 3273 accedat,
631 3209 711 3262 aliter
728 3209 809 3263 verba
837 3227 939 3280 aiicepe
955 3216 1104 3277 maritata
1132 3209 1228 3278 p‘aruin
1256 3206 1390 3261 differunt
1407 3204 1510 3261 asorbo

337 3277 467 3342 peadctst‘
501 3276 621 3355 Peerlk.·
642 3274 754 3353 Comma
770 3277 923 3345 ponendum
944 3277 1044 3332 statuit
1061 3281 1123 3346 post
1134 3279 1250 3345 Ariaspe,
1271 3278 1301 3327 ut
1314 3292 1418 3354 arrcepc
1435 3271 1509 3341 signi·

342 3341 416 3395 licet:
438 3343 536 3405 „modo
554 3360 581 3395 in
600 3347 747 3410 sinistram,
766 3344 890 3399 modain
910 3345 1033 3399 dextram
1051 3347 1155 3413 partem
1174 3344 1310 3403 movetur,
1331 3342 1428 3407 dubia,
1457 3343 1509 3393 utre

341 3409 450 3484 cadat,“
469 3410 518 3487 clio
535 3417 685 3463 sustentato
704 3414 814 3476 ,autem
833 3412 1061 3481 aequilibritatem
1076 3411 1194 3480 aliquam
1207 3425 1328 3468 servans.
1347 3410 1413 3479 quia
1431 3410 1510 3462 motus

342 3476 393 3527 iste
411 3477 453 3553 est
470 3474 615 3529 diuturnus
645 3478 709 3530 ete
741 3478 786 3538 cit,
819 3482 850 3533 ut
879 3482 1074 3533 sustentetur.“
1095 3508 1126 3517 —
1144 3478 1278 3546 flectas
1306 3478 1441 3545 fotipat
1467 3474 1509 3527 boc

341 3557 420 3666 qnasi
439 3543 593 3620 certamine,
612 3541 681 3621 qnod
700 3543 827 3599 fluetibus
846 3563 907 3600 cuin
936 3547 998 3599 navi
1030 3546 1181 3600 reluctante
1207 3544 1399 3599 sustinendum
1417 3545 1464 3598 eat
1483 3572 1510 3581 -

360 3607 405 3667 05.
424 3607 596 3671 Soluntum
619 3626 636 3661 1·
656 3625 678 3662 e·
699 3610 842 3678 frangitur,
861 3613 980 3677 eliditur,
999 3613 1185 3681 Peerlkampio
1212 3612 1293 3665 nimis
1311 3629 1396 3690 grave
1415 3610 1511 3665 ridetur

341 3674 509 3754 vocabulum,
530 3692 590 3730 cuni
602 3692 682 3755 ‘mare
702 3682 774 3731 esset
791 3681 924 3747 quietum,
950 3683 978 3735 ct
996 3684 1135 3749 praeterea
1153 3680 1235 3734 etiam
1253 3679 1429 3749 ambiguum,
1458 3692 1508 3730 com

342 3745 433 3821 inatus
448 3745 492 3803 sit,
512 3759 545 3797 ne
564 3759 623 3812 quis
642 3743 757 3824 accipiat
773 3763 833 3816 pro:
863 3749 939 3802 navis
966 3748 1045 3802 dorso
1075 3747 1188 3801 solvitur
1210 3749 1238 3801 et
1260 3746 1409 3810 liberatur;
1438 3759 1509 3814 quare

342 3812 448 3889 cciiiicit
465 3812 620 3880 flumusque
643 3811 769 3880 folipene
791 3814 925 3880 Volvitur,
945 3815 1016 3885 qnod
1034 3814 1149 3894 explicat
1166 3831 1214 3884 per
1231 3814 1436 3882 deriseramus,
1464 3810 1509 3864 iol·

340 3878 413 3931 uitur
433 3878 560 3958 inlatus,
579 3880 611 3932 nt
628 3880 749 3935 transtra
767 3883 858 3937 seluta
870 3882 986 3946 fluitent,
1005 3899 1086 3936 remis
1105 3882 1158 3936 iam
1172 3884 1252 3936 antea
1269 3882 1296 3934 in
1314 3882 1397 3936 dorso
1412 3880 1508 3936 tracus

341 3961 395 4013 qna
412 3948 565 4025 coniectura
582 3962 635 3999 noir
653 3963 719 4016 opus
731 3965 790 4003 esse
808 3950 921 4020 quisque
940 3950 1022 4005 videt.
1056 3950 1087 4003 Iu
1106 3950 1185 4003 dorso
1197 3949 1269 4004 eniin
1281 3949 1420 4019 inaequali
1438 3949 1508 4002 ctiam

341 4013 489 4083 tranquillo
507 4014 575 4069 mari
592 4014 668 4069 navis
687 4016 771 4084 puppi
789 4018 867 4071 modo
885 4018 988 4071 inflicta
1005 4020 1033 4069 ct
1050 4033 1130 4085 prora
1147 4016 1273 4070 fluctibus
1294 4015 1417 4072 allevata
1434 4010 1510 4080 lisam

341 4084 433 4148 potest
452 4084 480 4135 et
499 4082 638 4163 contundi.
657 4113 689 4121 -
707 4086 852 4154 seponit.
888 4085 929 4138 Of.
949 4085 994 4150 VI,
1008 4088 1066 4137 416.
1085 4085 1181 4151 miride
1198 4113 1209 4124 ·
1228 4113 1240 4124 ·
1258 4093 1403 4163 vatemque
1421 4086 1511 4136 eires·

341 4165 423 4267 qpeex
435 4150 871 4288 alliiioitdrhiiniivghihicitiqut
882 4156 1025 4289 ’piddhihaiii
1029 4153 1146 4273 iiiiii?
1152 4150 1511 4289 qgeqpqtppuequqsuallpeqp

341 4311 370 4318 ν
392 4284 542 4362 retrahit
554 4286 684 4353 pedem,
716 4285 833 4349 „fluctus
852 4288 1032 4356 reciprocatus
1050 4286 1165 4340 retrahit
1185 4286 1296 4352 eiectos,
1327 4303 1379 4341 nec
1403 4287 1439 4342 ad
1456 4285 1512 4338 liius

340 4347 465 4401 assedere
483 4352 614 4416 patitur*
649 4351 742 4419 Wocn.
777 4352 893 4408 Plurimi
911 4355 992 4408 Codd.
1012 4354 1092 4422 (bled.
1112 4370 1175 4407 am.
1189 4371 1237 4423 pr„
1258 4353 1327 4416 Pal..
1347 4354 1436 4421 Rom,
1451 4349 1511 4409 Gud-

341 4416 404 4494 ete.)
421 4417 605 4494 perluaquod
620 4417 699 4495 labii.
717 4422 745 4472 et
759 4419 844 4474 Thiel.
857 4424 1023 4490 receperunt.
1060 4423 1134 4489 Quae
1157 4423 1248 4475 tamen
1265 4421 1348 4475 lectio
1368 4438 1431 4475 cuin
1445 4417 1512 4474 lacile

341 4499 403 4561 oriri
422 4484 542 4561 potuerit
559 4501 590 4538 eii
608 4484 687 4538 litera
703 4505 717 4539 a
735 4487 853 4555 proxime
881 4492 1023 4558 sequente,
1043 4488 1194 4557 Singularis
1221 4491 1312 4542 autern
1343 4488 1443 4542 melius
1461 4502 1512 4541 ocu·

340 4565 430 4629 venire
449 4549 574 4605 videatur
590 4552 678 4605 verbis
697 4556 773 4608 nmio
792 4555 925 4618 relabens,
945 4556 1106 4610 retinuimus
1119 4556 1189 4611 Med.
1208 4572 1272 4610 aiu.
1286 4572 1341 4609 sec.
1356 4556 1512 4623 aliorumque

341 4619 506 4697 scripturam
525 4618 558 4672 ab
577 4618 685 4697 Heinsio
715 4620 741 4673 in
769 4626 925 4677 contextum
954 4630 1088 4692 receptam
1119 4622 1295 4691 omnibusque
1327 4622 1512 4678 recentioribm

343 4684 492 4739 editoribus
510 4688 617 4755 praeter
637 4686 699 4740 illos
716 4688 871 4745 duumviros
890 4693 1031 4745 servatam.
1066 4691 1219 4760 Conington
1238 4696 1380 4757 comparat
1397 4690 1445 4754 xi,
1464 4691 1512 4743 626

339 4754 415 4831 uada
427 4782 439 4793 ·
452 4782 463 4793 ·
475 4761 551 4808 aestu
567 4756 692 4835 reuoluta
710 4759 851 4812 resorbeas
866 4759 944 4813 Saea
968 4759 1041 4826 sapit
1064 4760 1115 4811 ctc.
1134 4789 1167 4799 -
1183 4756 1247 4819 309,
1272 4760 1391 4812 Totam
1407 4757 1512 4814 aclea

342 4819 399 4898 seil.
436 4836 499 4876 iiam
527 4824 644 4877 exercitu
664 4837 691 4875 iii
709 4822 776 4877 duas
794 4829 885 4895 partes
903 4825 988 4880 diruo
1018 4827 1045 4879 et
1069 4825 1157 4880 altera
1175 4824 1209 4880 ad
1227 4826 1318 4879 omna
1338 4825 1456 4880 Troiana
1473 4822 1513 4876 ob·

347 4838 458 4943 sideiida
475 4889 570 4945 relicta
586 4889 631 4956 (cs.
651 4906 676 4943 v.
693 4892 742 4944 285
760 4908 801 4960 sq.
820 4895 890 4948 etv.
909 4895 1068 4971 604.)·nunc
1094 4910 1184 4947 secum
1204 4891 1279 4946 ducit
1297 4892 1414 4970 Turnus.
1449 4892 1513 4955 liius

347 4956 440 5009 contra
457 4973 558 5014 morem
576 4958 681 5016 'ibinus
698 4958 800 5014 nullam
815 4965 920 5031 partem
933 4978 1068 5031 copiarum
1082 4978 1190 5015 suarmu
1209 4961 1236 5015 iii
1246 4959 1377 5016 subsidiis
1396 4958 1512 5016 ccllcat
