3359 5725
315 601 377 665 552
670 588 707 654 P.
729 582 916 652 VERGILI
935 578 1135 647 MARONIS

318 764 424 844 Quem
447 757 543 825 simul
564 778 603 823 ac
623 756 759 822 Iuturna
781 773 874 818 soror
895 747 1102 814 crebrescere
1123 743 1207 811 vidit

318 847 507 912 Sermonem
528 850 560 907 et
580 838 633 906 vol
659 839 671 903 i
692 837 823 902 variare
843 832 991 900 labantia
1014 829 1124 912 corda,

317 930 357 995 In
375 926 501 995 medias
519 925 607 990 acies
628 861 768 988 immam
790 916 987 984 adsimulata
1009 913 1154 981 Camerti
1177 947 1216 958 -

319 1013 381 1080 Oui
402 1032 505 1098 genus
527 1031 547 1073 a
568 1006 702 1095 proavis
723 1005 838 1103 iugens
861 1000 1048 1098 clarumque
1069 1007 1225 1096 paternae
1449 1002 1498 1053 225

318 1097 445 1162 Nomen
466 1101 537 1158 erat
558 1089 689 1155 virtutis
711 1097 743 1152 et
764 1107 835 1174 ipse
857 1105 1036 1149 acerrimus
1058 1103 1159 1146 arnus
1179 1115 1221 1125 —

318 1179 358 1244 In
378 1176 503 1242 medies
524 1174 581 1240 dat
603 1195 673 1238 sese
694 1172 782 1237 acies
802 1167 893 1234 haud
914 1166 1025 1232 nescia
1045 1186 1154 1230 rerum

319 1263 476 1327 Rumores
500 1280 540 1323 ue
561 1257 640 1322 serit
662 1256 772 1320 varios
794 1274 833 1318 ao
855 1250 935 1317 talia
955 1251 1061 1314 fatur:

320 1345 415 1428 „Non
434 1281 544 1431 puiet
565 1362 584 1405 0
606 1337 728 1419 Rutuli,
750 1359 811 1425 pro
834 1335 959 1400 cunctis
981 1330 1102 1397 talibus
1123 1352 1221 1395 unam

321 1427 497 1494 Obiectare
519 1421 685 1489 animam?
708 1442 883 1485 numerone
906 1440 948 1482 an
970 1414 1095 1480 viribus
1118 1415 1212 1498 aequi
1450 1423 1499 1473 lau

231 1524 235 1536 ⁴
320 1511 394 1577 Non
417 1507 552 1574 sumus?
596 1507 658 1588 En,
679 1526 790 1570 omnes
812 1513 846 1567 et
865 1502 970 1567 Troes
993 1508 1025 1563 et
1044 1497 1191 1564 Arcades
1214 1496 1248 1561 hi
1268 1504 1346 1561 sunt

320 1592 517 1680 Fataleaque
538 1613 664 1673 manus,
684 1588 812 1653 infensa
834 1585 970 1650 Etruria
992 1582 1113 1649 Turno.

323 1798 532 1810 -ιι-ι-σ-υ

321 1943 392 2015 quod
401 1942 518 1997 fortasse
528 1940 635 1995 delendi
651 1955 729 2008 posse
739 1941 831 1993 censet
839 1937 925 1996 Iahu..
937 1933 985 1990 sed
1000 1933 1058 2004 ipse
1068 1933 1136 1988 satis
1145 1930 1292 1986 artificiosa
1301 1932 1450 1985 rationem
1469 1929 1500 1982 u·-

322 2014 376 2067 cat.
386 2041 419 2049 -
430 2012 443 2064 ι’
447 2007 588 2064 avenell
598 2007 689 2060 Heius.
699 2023 731 2060 ex
743 2006 899 2060 melioribus
911 2003 995 2057 Codd.
1008 2000 1131 2057 restituit
1146 2015 1195 2070 pro
1206 1999 1282 2067 vulg·
1295 2000 1421 2054 iuvenali.
1466 1997 1498 2050 rd.

322 2080 357 2134 ad
369 2079 406 2140 ΙΙ,
420 2081 478 2131 ste.
490 2077 617 2130 Ceterum
628 2074 760 2142 Wagnero
774 2073 921 2134 adsentior,
934 2070 980 2141 qui
992 2069 1042 2124 boc
1052 2068 1174 2123 r'uoenali
1184 2085 1236 2121 non
1250 2068 1334 2122 aliam
1348 2069 1383 2122 ob
1396 2081 1497 2122 cauum

322 2146 458 2202 adiectum
471 2159 529 2197 esse
542 2144 642 2206 censet,
662 2157 741 2210 quam
756 2141 826 2210 quod
839 2140 927 2210 pallor
938 2139 1026 2201 magis
1038 2137 1089 2190 insi
1129 2137 1152 2190 is
1166 2138 1209 2190 est
1220 2137 1249 2189 in
1259 2137 1374 2190 iuvenili
1387 2151 1497 2203 corpora

323 2212 393 2284 quud
405 2211 493 2266 multo
507 2211 603 2271 rubore
615 2209 748 2263 suffusum
760 2224 818 2263 esse
827 2208 905 2263 solet.
920 2237 951 2246 ·-
961 2203 1028 2267 222.
1041 2205 1079 2260 Ut
1109 2206 1132 2257 ic
1144 2204 1258 2258 Iuturna
1269 2205 1375 2258 lunone
1387 2206 1498 2266 anctus,

324 2271 1498 2413 {liddllldlmslrllsff'cilsllllmvhisill²⁸⁰‘2lri¹g'llill⁰lllllll?

323 2415 366 2472 Of.
384 2414 431 2479 IV,
451 2418 492 2468 22.
512 2413 650 2468 &riualem
665 2413 793 2466 animum.
811 2443 845 2452 -
861 2383 927 2470 222.
955 2409 1091 2463 Camers
1106 2408 1161 2462 iam
1179 2424 1261 2488 supra
1279 2409 1499 2462 commemoratus

324 2483 349 2538 X
377 2486 435 2536 562.
454 2512 485 2522 -
505 2477 573 2542 225.
604 2496 713 2549 ponus
744 2483 772 2533 et
798 2496 917 2533 nomen
945 2493 990 2532 sae
1010 2493 1025 2531 e
1044 2477 1082 2530 sic
1101 2475 1196 2530 coniun
1245 2479 1400 2529 memorant
1420 2472 1498 2527 Heius

326 2524 360 2605 ael
378 2548 465 2629 Ouid.¹
475 2549 538 2605 Her.
559 2548 596 2615 11,
614 2551 656 2601 50.
675 2549 704 2601 et
721 2547 803 2601 Dralr.
820 2548 856 2601 ad
874 2546 969 2601 Silium
982 2495 1015 2612 i,
1026 2548 1083 2598 50³.
1101 2544 1189 2598 Iterat
1197 2492 1278 2597 ilunc
1295 2559 1408 2598 versum
1420 2543 1500 2595 Cento

326 2617 428 2685 Vergil.
457 2633 486 2670 ιιι
503 2615 586 2670 Anth.
604 2614 666 2669 Lat.
685 2614 723 2669 VI
752 2618 793 2675 84,
813 2618 853 2668 32.
877 2614 1014 2668 ‘Ceterum
1045 2612 1079 2668 cf.
1098 2612 1121 2679 Ι,
1140 2614 1198 2665 380.
1228 2614 1257 2665 et
1276 2611 1309 2678 V,
1328 2616 1371 2666 45.
1391 2606 1498 2668 -m

325 2684 646 2765 acerrimas-urrais.
682 2655 744 2739 vicl
762 2683 889 2762 more.
908 2713 939 2720 -
958 2677 1024 2743 227.
1048 2681 1139 2734 baud
1155 2680 1272 2732 nescia
1291 2696 1417 2758 rerum,
1433 2675 1500 2730 haud

325 2747 1261 2899 'duur2l¹¹2l⁸¹l¹1d⁰¹2f³dss¹¹¹2⁸¹l0ltt¹rdllnltludtl
1276 2750 1501 2896 distitutis

325 2837 430 2943 ieerllr.
460 2888 561 2949 autem,
595 2902 656 2940 cum
687 2886 818 2941 eiusmodi
847 2832 1064 2940 additamenlum
1090 2885 1206 2937 otiosum
1224 2883 1346 2949 Vermho
1365 2883 1501 2951 indignum

325 2956 371 3019 sit,
401 2955 481 3024 plane
510 2954 571 3008 vult
599 2954 698 3008 deleta.
733 2953 860 3008 Ceterum
881 2953 989 3020 Menag.
1008 2953 1030 3006 1.
1048 2953 1077 3005 et
1093 2949 1196 3005 Mentel
1213 2952 1236 3005 Ι.
1256 2949 1388 3007 exhibent
1409 2950 1498 3011 inscia,

267 3047 270 3054 ·
326 3040 380 3077 non
400 3022 478 3077 male.
497 3021 558 3077 Vid.
576 3021 649 3077 infra
665 3021 700 3076 ad
717 3038 742 3075 v.
760 3024 819 3077 648.
842 3021 1013 3090 Optimomm
1030 3022 1122 3074 tamen
1139 3018 1223 3072 Codd.
1242 3019 1437 3073 auctoritatem
1453 3032 1500 3070 uon

326 3109 340 3146 s
373 3090 504 3145 mendam
532 3106 634 3144 censeo.
655 3120 690 3129 —
705 3086 772 3150 228.
803 3089 920 3143 Macrob.
939 3088 985 3156 VI,
1007 3091 1029 3156 1,
1049 3091 1090 3144 33.
1108 3104 1134 3156 p.
1153 3090 1212 3141 501.
1231 3086 1288 3140 Ian.
1321 3088 1495 3157 compunta

350 3158 403 3213 urii
419 3157 518 3212 Annal.
537 3157 571 3212 X.
601 3157 739 3211 Rumorea
766 3174 790 3210 tc
817 3164 911 3211 mut
937 3155 1041 3223 varios,
1070 3161 1096 3207 et
1112 3155 1198 3208 multo
1215 3156 1369 3223 requirunt.
1391 3186 1415 3193 ν
1437 3150 1499 3213 222.

325 3227 402 3281 Noa
417 3228 532 3296 pudet.
567 3225 627 3279 vid.
646 3225 755 3304 sdbllc·
773 3225 826 3303 ΙΙΙ,
848 3228 888 3278 l'l.
907 3226 936 3279 el
955 3223 1020 3277 Aen.
1038 3222 1076 3289 11,
1095 3225 1153 3277 596.
1171 3239 1246 3343 -p
1479 3288 1485 3299 .

325 3295 429 3352 libus.
460 3293 478 3346 i.
496 3309 517 3349 e.
546 3292 746 3359 amfoteres,
794 3308 824 3344 ιιι
840 3291 894 3361 ipsi
934 3306 1036 3360 ugnare
1053 3292 1189 3358 poterant.
1247 3288 1499 3360 alal.cumpauc1s

325 3361 388 3416 eliis
402 3361 507 3415 cuncus
519 3378 576 3430 pro
593 3359 712 3427 tols'bm
742 3375 756 3412 s
809 3363 882 3414 recte
939 3377 1014 3427 apa:
1043 3357 1176 3425 „Oauctis
1192 3374 1246 3428 pro
1262 3358 1368 3412 tutabor
1386 3362 1428 3413 est
1444 3358 1460 3410 i.
1476 3372 1498 3423 q.

325 3445 374 3498 pro
391 3427 503 3492 talibus,
522 3427 615 3496 quales
636 3426 726 3482 cuncti
743 3428 815 3490 sunt,
846 3444 867 3483 s.
888 3426 974 3496 iisque
993 3426 1113 3489 cunctis;
1128 3443 1184 3495 pro
1202 3427 1307 3480 amotus
1323 3427 1427 3480 talibus
1443 3426 1459 3477 i.
1476 3438 1498 3489 q.

345 3510 375 3548 ro
393 3493 507 3555 cunctis,
525 3495 571 3563 qni
590 3493 661 3548 tales
679 3495 752 3560 sunt,
771 3511 794 3548 s.
812 3494 845 3547 iis
866 3510 899 3549 ue
917 3494 1037 3560 talibus3
1055 3496 1137 3562 atque
1155 3492 1205 3546 hoe
1223 3493 1313 3547 solum
1332 3495 1427 3563 aptum
1447 3505 1498 3544 ease

325 3511 405 3640 buia·
418 3561 496 3640 loco„
513 3559 594 3615 facile
617 3561 705 3616 intelli
726 3561 810 3615 'turs‘
845 3512 971 3616 bererum
989 3561 1023 3614 cf.
1041 3575 1124 3630 supra
1141 3560 1193 3627 111,
1212 3564 1270 3615 435.
1287 3561 1326 3615 ibi
1346 3577 1381 3615 ue
1399 3560 1497 3614 adnott

326 3629 423 3708 Nescio
452 3627 517 3698 qmd
541 3628 594 3682 sibi
609 3628 677 3683 velit
696 3578 785 3708 iliud.
804 3629 881 3683 Ture.
900 3629 947 3684 IV.
966 3646 991 3699 p.
1011 3632 1068 3682 581.
1086 3646 1140 3698 pro
1157 3628 1263 3681 cuncus
1279 3629 1335 3682 tu'
1402 3628 1445 3683 hio
1460 3640 1498 3679 ex·

325 3696 430 3766 plicans
457 3710 518 3765 per:
549 3711 621 3759 „non
640 3698 730 3749 cuncti
746 3694 844 3749 tales.“
864 3727 893 3734 —
911 3693 977 3757 230.
1008 3695 1184 3750 Obiectore
1216 3696 1361 3750 animum
1389 3696 1498 3765 legimns

326 3762 409 3819 etiarn
425 3763 454 3815 in
471 3762 556 3816 Anth.
573 3762 633 3817 Lat.
652 3764 675 3824 Ι,
696 3765 751 3827 172,
770 3766 811 3816 64.
834 3766 863 3816 et
880 3768 921 3819 99.
956 3764 1083 3818 Ceterum
1111 3762 1147 3816 cl.
1166 3762 1230 3818 Geo.
1247 3763 1296 3828 IV,
1318 3766 1377 3817 218.
1396 3767 1424 3817 et
1440 3765 1497 3817 Aen.

325 3830 363 3899 Π,
383 3835 440 3886 751.
458 3862 490 3869 -
509 3830 541 3885 V.
558 3828 633 3895 282,
665 3830 692 3884 in
711 3846 837 3901 quosue.
855 3832 986 3901 fatales
1005 3833 1127 3897 (utcum
1143 3830 1223 3897 Med„
1253 3830 1342 3893 Rom„
1372 3826 1497 3886 Berull.

324 3900 353 3955 et
369 3898 523 3962 Ribbeckio‚
555 3898 639 3952 Conin
674 3943 680 3956 .
710 3900 739 3953 et
755 3898 885 3953 Benoisto
914 3900 967 3954 scri
986 3898 1082 3966 simus)
1111 3915 1132 3952 s.
1164 3898 1267 3962 futilia
1293 3901 1340 3966 (nt
1358 3916 1420 3953 cum
1437 3895 1498 3960 Pal,

324 3965 404 4031 und,
422 3966 506 4047 Rern..
520 3966 571 4022 111.
589 3966 641 4021 sori
661 3970 712 4021 unt
728 3966 821 4035 Bryce,
840 3967 950 4037 Haupt„
968 3916 1066 4034 lvagn.
1085 3968 1113 4020 et
1128 3965 1247 4046 ⁸Iudeis.)
1265 3966 1348 4086 paulo
1367 3963 1498 4020 difficilius

324 4037 367 4089 est
384 4034 419 4089 ad
436 4034 632 4104 exputandum,
661 4039 804 4104 propterea
820 4050 873 4088 nou
891 4034 978 4089 solum
995 4034 1029 4089 ab
1047 4033 1161 4102 Heymo,
1186 4032 1264 4086 Peerl

325 4119 371 4157 ceo
388 4104 527 4173 tamquam
545 4103 654 4172 spurius
671 4103 789 4166 notatur,
807 4101 864 4169 sed,
882 4102 953 4172 quod
972 4101 1062 4164 miror,
1082 4101 1164 4155 etiam
1183 4101 1349 4169 angnero
1363 4103 1498 4171 suspectus

324 4169 447 4231 habetur,
467 4170 514 4239 qui
531 4172 631 4238 censet,
648 4187 701 4224 non
720 4186 736 4225 o
756 4186 789 4223 us
806 4185 874 4232 esse,
902 4172 934 4223 ut
951 4169 1127 4223 Etruscorum
1145 4165 1307 4234 nominatim
1327 4168 1497 4224 menualia,

325 4252 386 4316 oum
404 4236 501 4290 Troum
520 4254 565 4292 eos
583 4238 699 4301 nomine,
719 4186 866 4291 alborum
884 4236 977 4317 socios,
996 4236 1138 4305 complecti
1157 4236 1273 4291 licuerit.
1301 4237 1354 4291 Sed
1372 4253 1425 4290 non
1443 4249 1497 4305 pro·

324 4302 415 4359 babile
431 4307 482 4370 est
499 4303 652 4360 Camertem
669 4322 691 4358 s.
704 4304 847 4359 Iuturnam
865 4306 916 4367 luc,
935 4304 982 4359 ubi
1001 4306 1111 4358 totum
1130 4303 1251 4358 hostiurn
1270 4305 1417 4359 exercitum
1435 4307 1499 4355 tan·

323 4387 406 4440 quam
424 4386 537 4440 parsum
555 4374 583 4426 et
601 4388 666 4442 prae
682 4371 791 4425 Rutulis
809 4371 1008 4443 despiciendum
1026 4372 1087 4425 vult
1104 4372 1265 4452 significare,
1282 4371 1443 4440 primariam
1454 4368 1499 4423 ali·

342 4455 405 4494 uam
425 4438 482 4492 eius
499 4442 604 4506 partem
622 4455 732 4508 prorsus
750 4439 857 4494 silentio
895 4439 1106 4507 rastermisisse3
1132 4439 1264 4509 imprimis
1283 4456 1346 4492 cum
1363 4439 1446 4493 etiam
1462 4437 1498 4490 in·

323 4456 366 4586 ira
383 4522 408 4562 s.
429 4509 555 4585 548¹sqq.
586 4506 614 4560 in
643 4506 700 4560 loco
717 4506 779 4561 huic
802 4456 940 4561 simillimo
960 4508 1078 4571 Latinis,
1098 4507 1281 4561 Dardem'dsi
1298 4509 1328 4560 et
1345 4506 1499 4560 Arcanum

323 4573 425 4629 diserte
452 4572 617 4653 adiungatur
637 4575 788 4628 Tusconsm
804 4577 944 4655 phalerus.
980 4574 1069 4640 Quare
1088 4590 1149 4627 cuns
1167 4574 1210 4627 hic
1231 4590 1336 4641 versus,
1366 4575 1401 4628 ab
1420 4572 1498 4627 omnl-

322 4642 374 4696 bns
387 4640 471 4696 codd.
490 4640 632 4701 exhibitus,
650 4657 698 4709 per
716 4657 745 4696 se
761 4642 825 4696 talis
843 4642 888 4708 sit,
907 4658 986 4711 quern
1005 4643 1047 4694 rix
1066 4641 1171 4695 librarii
1190 4641 1332 4696 cuiusdam
1350 4642 1439 4696 letum
1456 4640 1499 4693 hs·

322 4708 385 4790 bere
415 4708 558 4779 posuimus,
589 4712 692 4762 ceteros
721 4708 837 4765 editores
867 4726 921 4763 non
951 4709 1041 4764 minua
1065 4725 1146 4779 quam
1165 4708 1353 4763 Weichcrtum
1372 4710 1402 4763 in
1418 4708 1499 4778 Epist.

322 4780 383 4831 ent.
420 4816 427 4830 .
445 4782 486 4833 74.
505 4779 579 4831 recte
596 4793 657 4831 eum
675 4775 829 4832 defendisse
847 4793 950 4833 censeo.
969 4776 1022 4833 Sed
1039 4780 1127 4831 restat
1144 4776 1294 4831 diflicultss
1313 4792 1373 4830 voc.
1385 4775 1498 4846 fatalis,

323 4794 487 4924 quodlabn
506 4844 545 4912 (in
561 4843 655 4926 priore
673 4844 748 4911 edit.)
765 4861 827 4900 cum
845 4846 906 4900 aliis
923 4845 1018 4913 <etiam
1035 4845 1135 4900 Auscis.
1153 4844 1183 4899 in
1200 4844 1284 4899 Hom.
1297 4844 1391 4899 Klein.
1409 4861 1437 4913 p.
1447 4846 1497 4897 ll:

322 4914 387 4977 „aa
412 4912 666 4981 seruonpnmoua
682 4912 800 4981 Selour,
830 4915 876 4967 dia
903 4916 964 4968 dem
983 4913 1092 4967 dumus
1108 4914 1178 4967 noel
1195 4912 1251 4967 ciel
1273 4911 1373 4966 Ursbeil
1390 4913 1499 4981 crusque

1247 3240 1285 3276 ro
1304 3222 1438 3277 cunctis
1455 3229 1500 3272 lo·

1284 4034 1375 4103 ampio
1392 4038 1420 4087 et
1437 4033 1498 4099 Bry-
