3359 5725
307 551 356 597 x11
516 530 787 598 PROOEMIUM
807 530 1041 596 EDITIONIS
1062 529 1269 595 TERTIAE.

307 699 373 764 alia
393 721 420 763 e.
442 721 474 784 g.
487 698 631 763 Lucretii
647 720 756 773 causa,
782 699 823 763 de
837 699 928 763 cuius
943 699 977 762 in
991 695 1054 762 hoc
1067 718 1187 783 genere
1204 698 1332 763 ratione
1354 698 1476 783 egimus

309 783 344 847 in
365 783 473 846 Praef.
497 782 647 847 editionis
675 791 808 847 nostrae
835 805 866 868 p.
888 781 922 846 X
945 802 1014 866 sqq.
1022 829 1031 863 ,
1057 802 1163 867 neque
1184 782 1300 859 omnia,
1346 802 1408 846 uae
1425 780 1476 846 ille

311 887 428 930 cascae
450 874 481 930 et
502 865 666 931 obsoletae
680 866 836 931 orationis
848 865 993 930 imitator
1014 885 1056 927 ex
1067 863 1194 941 Naevii,
1214 863 1323 947 Ennii,
1373 865 1477 930 acuvii

309 958 420 1014 aetate
442 950 597 1035 arripuit,
630 949 663 1013 in
687 948 883 1035 politissima
904 958 936 1012 et
957 946 1153 1012 nitidissima
1172 947 1305 1033 Virgilii
1334 949 1477 1014 carmina

307 1032 481 1097 transferri
501 1041 649 1131 possunt.
690 1031 743 1096 Ab
765 1032 828 1097 hac
851 1041 939 1096 certe
961 1029 1111 1112 editione,
1134 1032 1186 1095 cui
1205 1030 1268 1096 hoc
1289 1032 1359 1096 fere
1380 1054 1477 1096 unum

308 1123 359 1180 est
404 1126 603 1214 roposrtum,
636 1124 670 1178 ut
698 1114 870 1179 iuvenibus
897 1114 1066 1180 literarum
1097 1114 1249 1179 studiosis
1271 1114 1417 1179 adiutrix
1439 1116 1479 1179 sit

308 1200 343 1263 in
394 1197 556 1284 irgrlianis
580 1198 779 1263 earminibus
800 1197 916 1263 melius
938 1196 1168 1282 intelligendis,
1191 1198 1350 1263 eiusmodi
1373 1198 1477 1297 spino·

310 1304 365 1346 sas
400 1292 432 1346 et
466 1282 568 1346 taedii
604 1281 717 1368 plenas
745 1281 988 1368 disquisitiones
1019 1279 1291 1428 orthographicas
1318 1303 1478 1347 nerninem

309 1364 548 1450 postulaturum
571 1388 643 1430 esse
665 1388 679 1430 s
706 1388 771 1431 ero.
816 1364 883 1445 Qui
903 1363 982 1429 talia
1003 1373 1126 1441 curant,
1148 1386 1168 1429 a
1192 1374 1267 1430 eant
1284 1363 1477 1451 Wagneria·

307 1470 370 1513 nae
394 1447 545 1513 editionis
567 1447 639 1513 Vol.
694 1496 712 1528 .,
735 1472 799 1536 quo
820 1446 981 1534 „Vergilii
1002 1449 1147 1513 carmina
1169 1447 1211 1512 ad
1235 1447 1410 1534 pristinam
1432 1472 1478 1514 or·

311 1530 550 1617 thographiam‚
573 1532 681 1618 quoad
697 1536 767 1597 eius
781 1532 853 1597 fieri
867 1533 980 1616 potuit,
1004 1532 1178 1596 revocata“
1200 1553 1273 1596 cum
1291 1530 1478 1597 doctissima

309 1615 349 1679 de
371 1613 606 1702 orthographia
627 1615 812 1701 Virgiliana
833 1614 1062 1679 dissertatione
1083 1616 1297 1680 continentur.

391 1698 453 1763 His
475 1698 516 1763 de
534 1698 670 1764 consilio
691 1708 723 1763 et
733 1699 860 1763 ratione
873 1696 1025 1762 editionis
1040 1719 1132 1762 meae
1144 1698 1304 1783 expositis
1321 1708 1478 1786 superest,

309 1781 442 1865 utquid
468 1783 503 1846 in
524 1780 760 1868 posterioribus
790 1779 988 1845 editionibus
1009 1784 1225 1866 praestiterim
1252 1791 1285 1845 et
1305 1783 1339 1845 in
1361 1781 1477 1870 quibus

309 1862 407 1928 rebus
441 1863 518 1928 illae
548 1885 568 1928 a
599 1865 707 1951 prima
736 1864 889 1929 differant
923 1863 1148 1928 demonstrem.
1191 1864 1338 1929 Editioni
1376 1865 1477 1946 alteri,

310 1968 393 2032 quae
415 1969 549 2032 prorsus
572 1948 743 2012 immutata
765 1947 890 2034 prodiit
911 1968 939 2011 a.
960 1945 1213 2013 MDCCCXLV
1237 1970 1316 2047 sqq,
1338 1949 1478 2035 primum

311 2039 519 2095 accesserunt
541 2029 765 2095 additamenta
786 2030 849 2095 duo
872 2028 969 2117 plane
990 2052 1084 2111 nova,
1107 2030 1217 2095 brevis
1237 2031 1326 2096 Drss.
1350 2031 1392 2097 de
1409 2033 1479 2097 Vir·

310 2112 381 2199 gilii
402 2114 471 2178 vita
494 2122 525 2178 et
547 2113 748 2179 carminibus
768 2114 841 2188 (hac
864 2115 961 2178 tertia
988 2112 1062 2177 edit.
1086 2112 1233 2199 pluribus
1253 2116 1286 2179 in
1308 2114 1389 2180 loeis
1411 2138 1478 2180 cor-

309 2208 400 2262 recta
421 2206 454 2260 et
474 2198 647 2281 insigniter
670 2202 777 2275 aucta)
801 2205 833 2261 et
854 2198 999 2261 earmina
1021 2196 1152 2282 Virgilii
1171 2198 1299 2263 minora
1311 2197 1403 2263 brevi
1424 2198 1480 2263 ad-

309 2280 476 2345 notatione
489 2279 660 2356 illustrata,
682 2290 717 2344 nt
733 2279 923 2366 plenissima
937 2279 1020 2344 haec
1045 2290 1131 2344 esset
1152 2279 1251 2346 editio
1267 2303 1370 2380 neque
1387 2281 1475 2429 qqid·

310 2386 407 2451 quam
438 2364 472 2427 in
501 2386 541 2428 ea
567 2361 822 2445 desideraretur,
852 2362 940 2450 quod
962 2365 1142 2428 communis
1166 2374 1253 2429 certe
1275 2366 1385 2450 opinio
1438 2367 1477 2429 ir·
1505 2438 1508 2443 .

310 2446 388 2532 gilio
411 2447 536 2512 auctori
556 2445 722 2511 tribueret.
766 2446 860 2527 Quae
882 2455 991 2511 tamen
1009 2448 1158 2512 carmina
1173 2448 1302 2512 minora
1323 2471 1398 2513 eum
1418 2470 1480 2513 non

310 2532 374 2594 nisi
396 2531 574 2595 amicorum
604 2529 807 2615 quorundam
840 2539 872 2594 et
899 2528 1115 2616 redemptoris
1137 2531 1356 2596 honestissimi
1379 2532 1479 2617 preci·

310 2612 373 2677 bus
396 2615 502 2677 victus
525 2612 719 2694 adiicerem,
747 2622 780 2676 et
799 2615 957 2700 temporis
985 2622 1016 2676 et
1038 2615 1136 2699 spatii
1163 2614 1321 2712 angustiis
1344 2615 1478 2679 circum·

311 2697 452 2780 scriptus
480 2694 561 2760 nihil
582 2695 670 2760 aliud
692 2695 819 2761 efficere
842 2697 948 2844 potui,
976 2698 1038 2760 nisi
1064 2705 1100 2760 ut
1128 2695 1222 2762 brevr
1250 2699 1479 2763 commentario

311 2778 456 2844 subiecto
485 2787 571 2844 certe
593 2802 721 2844 sensum
752 2781 801 2845 sin
826 2801 952 2845 uorum
972 2779 1114 2844 locorum
1138 2781 1258 2845 nemini
1280 2779 1414 2846 dubium
1433 2802 1480 2846 re-

309 2863 355 2928 lin
381 2886 506 2946 uerem,
534 2864 589 2951 qni
612 2874 721 2929 autem
748 2865 783 2928 in
802 2802 891 2929 haec
913 2865 1058 2928 carmina
1080 2886 1100 2929 a
1121 2863 1293 2929 iuvenibus
1315 2864 1481 2931 literarum

311 2887 466 3012 studiosis
495 2968 560 3011 non
591 2945 688 3011 facile
719 2946 804 3012 lecta
839 2947 1023 3011 accuratius
1050 2948 1215 3046 inquirere
1251 2947 1303 3012 vel
1334 2949 1480 3013 criticum

310 3053 419 3095 eorum
443 3052 580 3095 examen
601 3031 769 3095 instituere
790 3029 919 3112 volunt,
952 3030 975 3093 ii
1005 3028 1047 3094 ad
1070 3029 1274 3115 Silligianam
1297 3030 1481 3113 editionem,

310 3115 359 3179 cui
380 3114 631 3180 commentarius
646 3136 735 3177 meus
775 3112 915 3178 ermulta
933 3112 1038 3195 debet,
1061 3113 1235 3199 ablegandi
1251 3123 1340 3197 sunt3
1362 3122 1483 3203 (quam-

310 3221 408 3284 quam
429 3199 528 3262 etiam
549 3197 600 3262 his
621 3199 756 3262 earmim
782 3220 819 3262 us
838 3195 1044 3282 explicandis
1061 3197 1124 3262 hac
1138 3200 1234 3262 tertia
1255 3197 1397 3264 editione
1419 3221 1483 3263 me

251 3359 255 3366 X
309 3281 373 3345 lius
392 3283 561 3366 provisum
582 3302 653 3344 esse
671 3281 735 3344 viri
758 3280 845 3346 docti
858 3279 955 3345 facile
971 3280 1034 3345 sibi
1047 3280 1310 3367 persuadebunt).
1353 3281 1483 3346 Deinde

311 3372 442 3451 praeter
463 3384 512 3443 ea,
535 3385 619 3450 quae
637 3384 790 3427 censores
801 3364 876 3444 mei,
900 3371 931 3426 et
949 3365 1130 3450 aequiores,
1155 3373 1191 3428 ut
1205 3364 1275 3429 Nae
1299 3362 1483 3430 elsbachius

311 3457 343 3511 et
365 3444 559 3527 Paldamus,
596 3454 628 3508 et
648 3445 844 3531 iniquiores,
873 3455 909 3509 ut
929 3445 1162 3531 Wagnerus,¹)
1183 3387 1431 3513 Hildebrandus
1454 3456 1486 3514 et

312 3528 560 3613 Ladewigius,²)
581 3537 695 3592 contra
716 3551 768 3593 me
790 3528 840 3593 dis
866 3538 1014 3612 utarunt,
1036 3529 1093 3595 illa
1114 3531 1319 3617 potissimum
1342 3529 1486 3598 studiose

313 3613 512 3690 examinavi,
533 3610 649 3699 quibus
670 3612 796 3677 interea
815 3551 949 3677 Iahnim
972 3614 1019 3692 (in
1041 3612 1144 3678 altera
1166 3613 1265 3694 edit),
1288 3614 1433 3701 Supflius
1455 3626 1487 3681 et

313 3696 474 3843 imprimis
496 3693 743 3843 Peerlkampius
767 3695 808 3760 de
823 3694 955 3780 Virgilii
980 3696 1178 3761 carminibus
1203 3698 1255 3762 vel
1273 3696 1486 3764 emendandis

313 3800 354 3842 ve

314 3862 429 3949 paucis
451 3861 561 3926 verbis
584 3871 640 3927 aut
663 3862 877 3949 comprobata
895 3873 950 3927 aut
972 3862 1113 3929 refutata
1134 3864 1201 3928 ine
1228 3864 1358 3929 'tionem
1380 3888 1487 3931 meam

313 3943 480 4020 transtuli3
501 3947 677 4044 praecipue
700 3955 808 4011 autern
830 3969 937 4011 meum
960 3969 1032 4011 esse
1054 3945 1144 4028 duxi,
1165 3956 1200 4012 ut
1222 3970 1332 4013 omnes
1356 3947 1488 4014 doctiss.

313 4027 535 4116 Peerlkampii
558 4039 760 4095 coniecturas
789 4039 821 4094 et
843 4030 1031 4116 opiniones,
1056 4052 1139 4116 qnae
1166 4039 1291 4095 tantum
1321 4030 1489 4097 hominum

316 4112 483 4178 doctorum
518 4111 765 4178 admirationem
797 4114 986 4189 movissent,
1025 4135 1097 4177 cum
1134 4112 1309 4179 lectoribus
1345 4113 1489 4181 breviter

315 4196 598 4279 communicarem,
620 4218 815 4284 quamquam
838 4195 881 4261 ad
904 4218 960 4267 eas
976 4196 1160 4262 accuratius
1175 4196 1411 4263 examinandas
1429 4221 1490 4264 nec

315 4290 444 4366 tempus
463 4300 524 4343 nec
545 4280 687 4365 spatium
708 4279 787 4344 mihi
810 4302 999 4346 concessum
1027 4278 1224 4364 sufficiebat,
1252 4280 1339 4346 unde
1366 4282 1489 4348 factum

387 3776 641 3865 interpretandis
693 3800 752 3844 ene
776 3781 895 3844 mereri
922 3778 1129 3862 studuerunt,
1157 3790 1189 3844 et
1241 3782 1347 3846 otiora
1376 3803 1487 3847 eorum

351 4497 376 4561 1)
393 4494 478 4560 Quem
496 4496 588 4550 tamen
605 4496 633 4549 in
642 4496 759 4552 editione
779 4496 883 4552 minore
899 4497 1042 4569 aliquoties
1061 4513 1078 4552 a
1095 4496 1236 4553 sententiis
1248 4497 1324 4568 prins
1344 4500 1491 4570 propositis

318 4564 488 4618 recedentem
506 4579 610 4617 mecum
629 4564 794 4620 consensisse
815 4564 878 4620 ridi.

351 4634 376 4695 2)
396 4631 480 4697 Quem
504 4630 678 4685 nihilominus
701 4648 732 4686 er
755 4632 856 4695 indice,
884 4649 963 4702 quem
991 4632 1051 4688 Vol.
1069 4632 1106 4689 11.
1125 4632 1251 4687 editionis
1282 4648 1346 4686 snae
1363 4633 1406 4687 his
1423 4635 1490 4705 ipsis

318 4697 412 4752 diebus
430 4699 458 4752 in
479 4698 565 4753 lucem
586 4698 683 4753 emisso
703 4700 826 4754 adiunxit
845 4701 1045 4761 (Verzeiclrnisa
1062 4704 1113 4755 der
1131 4700 1248 4766 Sullam
1271 4701 1300 4754 in
1311 4700 1430 4756 rotulos
1447 4705 1491 4759 iel

318 4783 379 4817 vom
393 4768 474 4821 Teste
492 4770 544 4821 der
563 4766 672 4821 kleiaca
689 4768 723 4821 W
760 4768 898 4823 aer'scleo
914 4771 974 4823 Aua
993 4770 1043 4823 abe
1061 4770 1233 4837 abqewichen
1251 4768 1305 4832 bin,
1318 4769 1366 4821 mit
1378 4771 1493 4839 Anqats

318 4834 368 4885 der
388 4832 541 4902 Gelebrten,
553 4855 590 4890 aa
601 4834 700 4889 welche
712 4836 738 4888 ie
774 4837 973 4905 michomeres
1003 4837 1162 4903 ascaloha),
1179 4836 1207 4889 iu
1220 4834 1358 4890 duodecim
1372 4837 1411 4892 VI
1423 4839 1492 4908 prio·

318 4901 534 5022 fuffiniineidoe
559 4903 692 4959 librorum
716 4902 782 4958 locis
806 4920 910 4958 mecum
933 4904 1037 4975 potius,
1059 4921 1140 4975 quam
1162 4920 1223 4958 cnm
1237 4903 1379 4973 Wagnero,
1396 4905 1492 4961 iecisse

318 4984 346 5022 rn
398 4984 446 5024 en.
