3359 5725
531 571 764 637 AENEIDOS
787 571 869 637 LIB.
893 572 934 638 X.

153 738 322 820 Ausoniis,
344 736 448 801 donec
466 758 580 801 versas
602 737 646 802 ad
666 736 763 802 litora
784 738 905 885 puppis

154 822 221 886 Res
245 821 348 884 iciunt
368 828 534 918 totumque
556 819 667 885 adlabi
687 820 784 884 classi
808 843 847 884 us
870 842 999 907 aequor.

154 905 203 969 Ar
229 913 261 968 et
283 924 369 990 apex
391 903 492 990 capit1
514 904 685 990 cristisque
707 925 727 968 a
750 905 871 968 vertice
891 903 1023 967 flamma
1276 920 1325 970 270

155 986 319 1053 Funditur
341 994 372 1050 et
393 996 505 1051 vastos
526 985 624 1051 umbo
645 987 748 1051 vomit
769 1007 887 1051 aureus
908 988 1004 1072 ignis,

157 1071 232 1135 Non
255 1091 348 1133 secus
370 1091 410 1133 ac
429 1067 554 1156 liquida
576 1071 604 1133 si
625 1068 755 1157 quando
776 1078 871 1135 nocte
893 1080 1036 1135 cometae

157 1153 337 1238 Sanguinei
356 1150 494 1237 lugubre
514 1151 631 1217 rubent
653 1162 711 1217 aut
732 1151 836 1218 Sirius
859 1153 967 1235 ardor,

154 1417 326 1480 -oersa‘s
354 1399 398 1453 ad
419 1398 527 1477 litora
542 1415 680 1520 puppes.
716 1399 768 1452 Hic
788 1417 829 1470 pa
870 1401 1021 1476 qsproprie
1041 1402 1326 1484 suntintelligendae;

156 1484 240 1524 nares
269 1483 340 1522 emm
370 1465 405 1519 ad
433 1466 499 1518 htus
530 1481 598 1535 appe
622 1466 706 1520 endec
727 1482 809 1521 conve
855 1469 960 1530 bantur,
989 1470 1021 1522 nt
1038 1473 1067 1522 et
1084 1473 1202 1524 vectores
1219 1472 1327 1525 facilius

155 1537 184 1591 in
215 1541 319 1590 terram
346 1533 447 1604 agredi,
476 1535 505 1586 ct
521 1550 602 1588 nares
619 1550 712 1588 rursus
730 1534 898 1602 proiecturae
915 1535 1011 1589 statim
1028 1540 1102 1590 recta
1118 1539 1162 1591 via
1200 1540 1329 1592 removeri

157 1606 277 1674 possent,
306 1618 367 1656 cum
395 1601 519 1679 elportu
543 1602 677 1656 solventes
694 1617 801 1670 proram
823 1601 919 1671 pelago
935 1603 1114 1658 obverterent.
1134 1636 1165 1644 -
1180 1554 1248 1666 569.
1277 1614 1328 1659 to·

156 1681 289 1741 tamque
305 1669 425 1723 adlata
444 1668 613 1722 classibus
630 1686 764 1738 aeqnor.
796 1669 929 1738 „Vulgari
945 1671 1066 1726 oratione
1083 1671 1178 1726 classis
1193 1673 1329 1728 adlabitur

157 1741 214 1794 late
243 1754 291 1806 per
321 1740 408 1790 totum
435 1751 517 1790 mare.
551 1736 629 1791 Nunc
656 1752 730 1791 mare
747 1737 845 1805 ipsum,
891 1754 954 1790 uam
972 1739 1016 1791 lon
1036 1754 1050 1792 e
1068 1744 1225 1809 prospectus
1242 1744 1327 1809 patet,

156 1807 272 1885 navibus
289 1808 391 1858 tectum
410 1805 494 1872 [marc
512 1805 670 1860 relicatam:
700 1803 722 1884 I,
742 1805 821 1883 ml!
853 1753 960 1859 vibatur
985 1755 1103 1886 adducre
1120 1808 1154 1861 ad
1171 1807 1238 1862 litus
1268 1825 1329 1862 curn

157 1874 323 1929 elmenef‘
358 1872 446 1939 Hcya.
484 1873 1084 1941 Totasautem,rmpr1m1svoccaeqaorrs,
1114 1874 1213 1939 litoris,
1230 1885 1328 1937 terrae,

157 1942 232 1996 caeti
260 1948 289 1994 et
306 1938 439 1993 similibus
454 1938 591 2004 iunctum,
621 1939 756 1993 interdum
774 1943 882 1992 tantum
900 1943 1017 1994 tractum
1037 1939 1148 2010 longum
1165 1945 1194 1996 et
1211 1944 1329 2012 amplum

157 2008 305 2079 significat.
341 2005 382 2060 Cf.
401 2005 484 2060 Bacb.
513 2006 547 2061 ad
566 2007 643 2061 ovid.
661 2007 724 2060 Met.
742 2006 764 2069 1,
786 2010 851 2074 181,
878 2006 925 2075 qui
943 2007 1036 2061 laudat
1054 2008 1190 2062 Handium
1208 2011 1243 2064 ad
1260 2012 1329 2065 Stat.

156 2094 182 2146 p.
204 2080 253 2131 391
275 2091 332 2144 sqq.
367 2072 520 2141 Respicitur
548 2073 592 2129 hic
621 2074 696 2128 locus
714 2075 741 2128 in
760 2074 882 2130 Wernsd.
902 2074 993 2128 Poetis
1011 2074 1042 2128 ln
1061 2077 1124 2130 min.
1144 2078 1176 2144 V,
1197 2082 1269 2139 1314,
1292 2083 1329 2132 19.

157 2143 268 2199 Aalcoi
293 2149 378 2195 totum
403 2142 537 2210 spectabis
564 2143 697 2196 classibus
714 2158 825 2210 aequor.
862 2142 1014 2211 Conington
1034 2158 1087 2196 non
1105 2144 1176 2198 male
1193 2148 1332 2213 comparat

157 2210 331 2280 Shnlrspearii
360 2207 551 2263 adventantem
578 2210 674 2263 silvam
691 2209 895 2264 Dnnsinaniam.
917 2240 944 2248 -
965 2207 1023 2269 270
1046 2226 1103 2280 sqq.
1140 2213 1199 2274 „De
1227 2230 1331 2267 summo

159 2294 297 2334 armorum
315 2278 429 2341 Aeneae,
453 2292 522 2345 qnae
548 2293 564 2331 a
580 2277 701 2330 Vulcano
727 2279 805 2330 erant
822 2278 904 2337 lacta,
931 2277 1072 2346 splendore
1089 2276 1263 2347 cogitdndum
1281 2283 1331 2345 est,

158 2363 238 2469 {uem
265 2361 314 2435 per
341 2344 432 2414 ignem
454 2347 483 2396 et
498 2343 633 2432 flammam
651 2342 728 2397 reddi
745 2342 873 2422 sollemne
891 2346 941 2397 est.
975 2344 1217 2409 cf.}10m.11.v‚
1239 2351 1330 2427 tsqq.

158 2413 263 2536 Μ’
278 2416 342 2533 tt
360 2410 617 2557 {lllsdxrtlsif
637 2427 663 2534 t·
689 2411 1075 2546 „idithim
1095 2410 1146 2531 li„
1165 2414 1333 2535 bttlttss

159 2550 300 2604 Maronem
329 2548 430 2624 imitati
459 2548 528 2626 sunt·
547 2495 595 2600 ἔῃ.
620 2546 643 2613 Ι,
675 2549 725 2599 tou
751 2562 764 2597 s
804 2588 808 2597 .
838 2549 867 2599 ot
883 2545 976 2598 Claud.
995 2545 1026 2598 R.
1045 2544 1120 2598 Pros.
1137 2546 1159 2611 1,
1177 2551 1229 2626 ,230
1252 2554 1332 2618 sqq.·‘

161 2617 262 2683 Heyn„
291 2613 332 2667 ct.
363 2614 446 2666 etiam
470 2612 758 2693 srmrlrslocussupra
827 2616 903 2677 ,185
921 2629 980 2682 sqq.
1000 2643 1030 2651 -
1049 2630 1145 2682 apes,
1175 2631 1192 2668 1.
1211 2631 1235 2669 e.
1253 2632 1334 2670 conus

160 2684 217 2745 ille,
237 2681 281 2736 cni
298 2681 380 2734 crista
396 2680 508 2743 inserta,
539 2682 554 2733 ὁ
572 2680 668 2750 λόφος,
686 2680 730 2733 Ιιιο
750 2695 799 2748 pro
817 2681 876 2733 tota
892 2680 972 2748 galea
989 2679 1100 2749 positus.
1136 2680 1239 2736 Memor
1256 2683 1334 2737 huius

160 2751 215 2805 loci
233 2748 343 2816 scripsit
359 2746 440 2802 Silius
457 2747 480 2810 1,
498 2751 557 2801 466.
587 2749 654 2802 iacit
681 2748 775 2816 innan
802 2748 898 2800 bastae
915 2748 1017 2800 Dirum
1039 2747 1128 2801 tarsen
1146 2767 1218 2819 apes
1231 2769 1264 2804 ac
1281 2752 1335 2804 late

161 2818 293 2888 sulpurat
308 2815 395 2870 ambo.
414 2844 447 2854 -
464 2816 582 2886 capiti
598 2821 647 2884 (sc.
664 2816 779 2880 Aeneae)
800 2814 879 2884 quod,
910 2831 971 2869 cum
996 2832 1063 2886 aper
1082 2816 1179 2871 ardens
1198 2819 1282 2887 capiti
1300 2820 1336 2873 sit

162 2887 332 2948 ornamento,
364 2899 416 2937 non
434 2899 500 2951 opus
518 2886 567 2947 est,
596 2888 629 2938 ut
646 2900 707 2938 cum
724 2882 814 2938 Gossr.
833 2899 880 2951 pro
897 2882 968 2937 Casu
985 2883 1108 2944 locativo,
1133 2901 1212 2954 quem
1230 2888 1335 2946 vocant,

161 2956 313 3009 habeamus
342 2951 413 3016 (vide
443 2951 477 3004 ad
506 2950 553 3017 IV,
586 2954 648 3015 th).
683 2950 774 3004 Etiam
805 2950 880 3003 Neue
909 2951 1048 3004 Fornacal.
1077 2950 1113 3006 II.
1144 2968 1169 3020 p.
1200 2956 1259 3005 245.
1290 2970 1334 3007 ca-

160 3022 219 3093 piti
247 3021 318 3073 reete
336 3019 464 3071 Dativum
494 3017 583 3072 hahet.
620 3019 694 3072 Rom.
713 3017 742 3071 et
761 3017 808 3069 alii
825 3017 904 3085 pauci
921 3017 1005 3071 Codd.
1025 3034 1084 3072 cum
1104 3018 1223 3072 hlacrob.
1242 3020 1274 3082 V,
1297 3025 1335 3081 111,

163 3096 189 3143 2.
208 3087 267 3155 (ubi
284 3087 376 3140 tarnen
394 3086 452 3138 lan.
471 3101 496 3153 p.
519 3090 575 3139 113.
594 3105 627 3139 co
649 3086 682 3138 ie·
698 3082 794 3149 edidit)
812 3084 939 3137 exhibent
955 3085 1064 3154 capitis,
1083 3084 1155 3151 qnod
1171 3085 1247 3140 Iahn.
1266 3103 1336 3140 rece-

162 3158 214 3227 pit,
229 3153 297 3234 coll.
314 3153 386 3231 iufra
403 3168 427 3205 ι.
446 3156 504 3207 476.
522 3153 579 3220 (ubi
596 3105 655 3233 vid).
668 3150 793 3216 educit).
825 3150 914 3205 Ceteri
932 3152 1092 3205 recentiores
1110 3152 1226 3207 editores
1246 3169 1337 3233 omues

163 3222 471 3347 iipibrtelblimlt
480 3227 702 3356 {atttriti
716 3217 945 3365 eillltffit
955 3218 1158 3354 ‘ilinfffsb
1166 3218 1339 3351 ¹1¹0¹nl¹¹¹ltl

164 3358 258 3420 fallor,
280 3357 390 3422 Waqrm
421 3354 507 3420 „hlihi
526 3355 641 3424 quidem,
665 3369 726 3407 cum
743 3368 846 3432 aprcem
864 3355 893 3406 et
909 3357 1005 3407 cnstas
1026 3352 1120 3407 ardere
1136 3354 1234 3408 dixerit
1250 3357 1338 3425 poeta,

165 3438 396 3496 supervacaneum
425 3425 453 3477 et
481 3438 576 3492 parum
607 3421 715 3490 elegans
744 3419 860 3481 ndetur,
890 3421 972 3474 etiam
989 3421 1109 3485 tertium,
1138 3422 1185 3491 qui
1203 3422 1251 3476 illa
1268 3438 1339 3476 com·

166 3493 308 3565 plectitur,
337 3489 451 3544 adiicere
479 3490 633 3543 verticem.“
668 3487 754 3555 (Quod
781 3487 936 3556 intelligens
955 3488 1029 3544 lehn.
1048 3488 1076 3541 in
1094 3488 1158 3545 edit.
1175 3488 1222 3552 11,,
1249 3492 1282 3544 nt
1300 3507 1341 3546 re·

167 3561 303 3616 cautiores
319 3572 419 3621 omnes,
436 3560 507 3611 recte
525 3557 611 3611 edidit
627 3557 716 3626 capiti
731 3585 743 3596 ·
761 3584 773 3595 ·
790 3574 809 3610 a
825 3555 943 3621 catice)
961 3587 993 3594 -
1009 3553 1071 3615 271λ
1095 3555 1200 3610 baden.
1218 3558 1340 3622 adnotat,

167 3629 311 3683 notionem
346 3623 435 3678 uidem
452 3624 595 3678 verborum
611 3632 703 3678 coetos
720 3623 799 3676 ambo
817 3624 902 3676 comit
917 3642 963 3677 aa.
989 3624 995 3636 '
1074 3623 1129 3677 iam
1147 3640 1229 3692 supra
1246 3642 1270 3678 v.
1282 3629 1340 3679 161.

202 3697 261 3749 'eo
292 3710 327 3746 ar
379 3699 404 3745 te
421 3709 451 3745 ex
471 3707 580 3758 rossam,
611 3690 659 3745 sed
682 3691 720 3744 ibi
738 3706 888 3744 sermonem
907 3707 964 3745 esse
981 3639 1079 3758 mlta
1095 3693 1124 3744 et
1140 3692 1278 3760 pugnandi
1297 3709 1342 3745 cu·

187 3764 298 3822 itate,
326 3775 407 3828 quam
462 3762 570 3827 spectus
589 3758 668 3827 clipei
686 3758 808 3811 Troianis
827 3758 933 3824 excitet,
960 3759 1003 3811 hic
1021 3774 1082 3811 vero
1101 3757 1134 3811 de
1152 3762 1234 3821 metu,
1264 3776 1342 3828 quem

168 3832 244 3886 idern
276 3826 420 3895 adspectus
436 3826 508 3896 apud
526 3826 642 3879 Rutulos
657 3828 792 3905 provocet.
815 3856 846 3863 —
865 3828 966 3879 ambo.
1001 3825 1063 3878 Vid.
1081 3824 1116 3878 ad
1132 3825 1193 3888 vll,
1213 3829 1270 3879 633.
1287 3828 1343 3876 Aa·

167 3916 234 3952 reus
252 3896 333 3949 ambo
351 3910 398 3962 pro
424 3897 482 3947 toto
513 3896 589 3947 scuto
607 3896 712 3962 positus
730 3892 813 3946 etiam
831 3892 905 3946 intra
922 3910 947 3945 v.
966 3896 1022 3945 884.
1043 3896 1071 3945 et
1088 3908 1104 3945 a
1121 3891 1222 3945 Rutilio
1240 3892 1302 3945 ltin.
1322 3892 1343 3954 l,

172 3969 231 4022 118.
251 3964 356 4032 (aperte
375 3961 445 4014 hunc
462 3962 552 4016 locum
570 3960 728 4030 respiciente
743 3959 830 4013 verbis
842 3967 1041 4029 perpetimque
1057 3959 1133 4025 ipses
1141 3960 1251 4011 Aureae
1266 3960 1346 4012 ambo

170 4033 276 4097 camd)
307 4033 539 4083 commemoratur.
575 4029 662 4095 Quare
680 4027 751 4081 Med.
776 4026 944 4095 aliorumque
960 4025 1044 4079 codd.
1061 4029 1089 4077 et
1107 4025 1235 4078 Macrobii
1253 4025 1284 4088 V,
1309 4029 1346 4087 13,

171 4106 213 4155 ³5.
234 4117 261 4169 p.
279 4100 339 4151 4³4.
355 4095 414 4149 Ian.
442 4096 522 4150 lectio
548 4113 644 4150 aaran
662 4094 806 4149 reiicieuda
822 4093 938 4155 ridetur,
967 4092 1099 4160 imprimis
1117 4107 1177 4145 cum
1195 4092 1347 4145 Macrobius

172 4169 227 4223 alio
256 4166 326 4228 loco,
358 4163 392 4230 V,
412 4167 442 4216 10
472 4170 496 4218 ’1.
526 4163 590 4230 (iam
620 4178 701 4231 supra
729 4160 817 4222 laud.)
845 4162 948 4230 etipse
967 4176 1067 4213 astreas
1085 4158 1215 4213 exhibeat.
1250 4159 1303 4213 Per
1320 4174 1348 4212 se

172 4240 321 4302 utrumque
339 4230 426 4284 locum
444 4204 544 4285 babere
561 4232 662 4299 potest,
692 4245 752 4283 cum
770 4231 845 4281 totus
863 4228 965 4297 clipeus
984 4242 1086 4288 aereus,
1117 4226 1164 4280 sed
1184 4228 1275 4295 plures
1292 4227 1349 4280 eius

173 4308 269 4373 partes
296 4315 362 4353 auro
389 4298 520 4352 obductae
539 4300 636 4352 essent.
656 4296 805 4359 —aoms‘t
833 4294 934 4363 ipses.
969 4293 1030 4348 Vid.
1059 4293 1094 4347 ad
1113 4293 1188 4356 VIII,
1207 4297 1264 4350 eto.
1284 4294 1350 4347 Ter·

173 4372 287 4425 ritatem
315 4366 405 4419 cristis
432 4366 736 4484 palearnltammasqae
759 4371 914 4417 vomentem.
932 4393 965 4402 -
982 4357 1047 4440 272.
1078 4361 1215 4441 liquida
1242 4369 1349 4439 nocte,

175 4439 259 4499 clara,
276 4448 380 4499 serena,
411 4439 443 4485 ut
459 4433 525 4486 alibi
557 4432 670 4501 iqnidas
687 4440 742 4484 atr.
761 4429 876 4497 Peerlk,
902 4446 956 4484 non
975 4431 1107 4498 cogitans,
1126 4445 1155 4483 se
1171 4446 1200 4482 m
1215 4431 1296 4497 poeta
1313 4443 1351 4479 m-

176 4500 356 4575 tcrpretando
383 4501 491 4562 versari,
525 4500 620 4553 haeret
636 4500 664 4551 in
681 4497 785 4552 Plurali
803 4506 930 4563 comtos,
960 4513 1020 4551 cum
1039 4512 1094 4550 una
1110 4496 1257 4565 eademque
1274 4495 1352 4572 nocte

175 4590 229 4627 uon
247 4568 332 4625 simul
349 4567 442 4634 plures
460 4571 580 4622 cometae
600 4568 724 4632 rubeant,
751 4566 780 4619 et
796 4564 865 4619 Plin.
884 4564 916 4630 V,
933 4569 975 4618 15.
993 4564 1085 4632 [immo
1102 4564 1130 4617 Π
1158 4568 1198 4625 15,
1218 4562 1269 4629 11,]
1287 4576 1352 4614 scn-

176 4643 239 4696 bat:
270 4636 434 4691 Aristoteles
452 4636 573 4704 {Meteon
596 4634 618 4698 1,
639 4639 673 4695 7,,
697 4648 809 4702 quocum
828 4631 979 4687 consentire
998 4630 1105 4684 videtur
1121 4604 1176 4684 die.
1193 4630 1252 4683 Div.
1270 4629 1293 4690 I,
1315 4631 1354 4692 11,

180 4709 229 4777 lh]
248 4703 339 4759 tradit
356 4709 382 4754 et
399 4702 481 4755 amal
494 4702 591 4772 plnres
608 4708 727 4755 cometmr
743 4699 828 4761 cerni,
857 4699 958 4752 nemini
975 4705 1142 4768 compertum
1160 4697 1252 4774 alteri,
1279 4697 1357 4764 quod

178 4776 307 4846 «quddam
322 4769 427 4838 sciam,·
458 4769 578 4838 nihilque
605 4785 633 4822 se
652 4768 877 4838 reprehensorum
895 4765 969 4832 dicit,
1000 4764 1023 4817 si
1041 4767 1116 4818 totus
1134 4765 1208 4817 locus
1227 4765 1268 4814 rte
1285 4764 1357 4815 esset

180 4843 315 4911 scriptus:
337 4837 405 4891 Noa
422 4853 498 4889 secas
515 4855 548 4889 ac
565 4836 676 4906 liquida
692 4836 719 4888 si
734 4835 845 4903 nancto
865 4841 944 4887 nocte
961 4839 1074 4886 cornetae
1085 4830 1219 4883 Nascitur
1236 4837 1261 4883 et
1277 4828 1356 4882 laeso

180 4909 326 4966 contristat
345 4904 449 4959 lamine
465 4904 577 4966 cutum,
609 4904 790 4971 Sarrqainesm
814 4902 929 4969 luqabre
945 4901 1056 4952 nabars·
1086 4903 1134 4949 aut
1152 4896 1245 4949 Sirius
1262 4898 1357 4962 ardor,

180 4979 233 5033 ab
250 4977 327 5031 sitim
342 4972 506 5039 morbosque
525 4970 616 5038 ferens
633 4970 795 5023 scortatione
812 4969 913 5036 aepris.
929 4964 1038 5024 -2711
1058 4964 1256 5031 Scaeuini,
1278 4965 1358 5018 rubro

1098 5048 1150 5099 23*
