3359 5725
393 566 664 632 PROOEMIUM
685 569 917 636 EDITIONIS
941 570 1150 637 TERTIAE.
1320 591 1358 636 x1

183 732 304 820 Heynii
327 733 412 799 notis
434 733 553 798 sactum
577 733 726 816 videbis),
750 745 806 801 aut
827 759 924 800 excer
949 745 1015 801 tam
1037 744 1069 801 et
1086 738 1120 801 in
1136 737 1267 802 brevius
1283 761 1357 802 con·
1408 811 1410 817 ¹

183 825 333 899 tractam,
355 815 413 881 sed
431 818 574 881 auctoris
596 819 724 882 nomine
746 818 853 883 ubivis
869 820 911 883 ad
937 821 991 900 ito,
1014 821 1139 906 repetii,
1161 822 1206 884 ita
1228 832 1263 884 ut
1284 822 1357 905 ipse

186 911 239 964 aut
269 899 352 965 nihil
374 901 504 964 omnino
526 899 696 978 adderem,
725 913 782 967 aut
803 901 904 966 verbo
926 912 1050 967 tanturn
1074 906 1265 967 seutentiam
1287 908 1356 967 eius

184 982 377 1070 probarem,
404 981 460 1046 ubi
491 1005 568 1048 vero
597 985 707 1048 varias
736 987 912 1050 sententias
941 988 1127 1072 propositas
1149 988 1356 1069 invenissem,

184 1068 325 1152 potiores
347 1089 461 1131 earum
483 1065 627 1131 breviter
642 1066 857 1133 diiudicarem
879 1077 920 1150 et,
943 1070 971 1133 si
983 1068 1062 1132 nulli
1076 1067 1236 1133 calculum
1250 1092 1357 1133 meum

184 1147 303 1213 addere
329 1172 468 1236 possem,
491 1151 563 1236 ipse
581 1172 700 1214 novam
717 1151 861 1239 aliquam
877 1153 1174 1238 interpretationem
1189 1161 1356 1233 tentarem,

184 1254 246 1318 qua
273 1244 384 1297 tamen
413 1235 447 1296 in
479 1232 678 1298 carminibus
704 1237 800 1299 toties
826 1238 894 1299 iam
922 1236 1066 1300 virorum
1096 1235 1357 1299 doctissimorum

185 1313 289 1381 studio
311 1315 497 1401 explanatis
518 1319 625 1382 rarius
648 1319 777 1381 omnino
805 1340 887 1404 opus
910 1317 1009 1383 fuisse
1030 1341 1123 1382 nemo
1145 1318 1241 1382 facile
1263 1320 1358 1382 mira·

184 1397 280 1463 bitur.
323 1399 427 1463 Porro
451 1409 580 1485 praeter
603 1423 655 1464 res
674 1398 716 1464 ad
739 1400 985 1487 mythologiam,
1008 1401 1252 1487 geographiam,
1275 1403 1356 1465 anti-

184 1483 333 1567 quitates,
356 1481 590 1569 historiamque
612 1493 644 1547 et
666 1505 773 1547 rerum
796 1493 963 1569 gestarum
986 1496 1017 1547 et
1039 1497 1174 1548 naturae
1195 1486 1356 1570 pertinen·

184 1576 229 1629 tes
251 1566 417 1651 imprimis
440 1567 601 1651 poeticum
623 1565 788 1630 scribendi
809 1589 910 1652 genus
935 1576 965 1630 et
987 1567 1204 1652 Virgilianum
1227 1566 1356 1631 dicendi

185 1670 275 1711 usum
288 1670 341 1712 res
366 1669 406 1712 ue
417 1651 650 1733 grammaticas
666 1658 697 1713 et
708 1650 860 1714 metricas
876 1648 1083 1714 adnotatione
1098 1672 1171 1713 mea
1194 1649 1357 1714 illustrare

189 1729 307 1796 studui.
343 1670 455 1796 liuius
477 1732 608 1819 quidem
630 1734 738 1830 operis
761 1734 909 1819 quamvis
931 1732 1014 1797 Phil.
1041 1732 1226 1816 Wagnerus
1250 1733 1357 1812 Quae-

185 1813 342 1878 stionibus
366 1814 557 1900 Virgilianis
580 1814 797 1897 doctissimis,
828 1817 969 1901 ingentis
991 1838 1132 1902 vereque
1154 1815 1357 1879 admirabilis

185 1896 373 1982 diligentiae
397 1911 428 1962 et
446 1901 710 1984 perseverantiae
733 1897 945 1979 documentis,
967 1921 1020 1962 ma
1067 1921 1118 1962 am
1141 1900 1205 1962 iam
1228 1909 1356 1985 partem

185 1982 408 2066 occupaverit,
439 1979 648 2046 nihilominus
678 1980 838 2046 eiusmodi
882 2005 922 2047 uo
947 2004 986 2046 ue
1008 1920 1269 2047 ollervationum
1292 2003 1356 2046 non

185 2085 304 2149 paucas
326 2087 347 2127 a
367 2086 418 2128 me
440 2063 571 2129 additas
594 2087 665 2130 esse
686 2066 847 2129 neminem
860 2003 991 2141 latebit,
1014 2066 1070 2152 qui
1089 2066 1357 2129 commentarium

185 2170 287 2211 meum
310 2156 433 2211 attento
456 2150 562 2213 animo
587 2147 771 2234 perlegerit,
792 2147 889 2236 idque
903 2148 969 2212 iam
989 2148 1118 2234 publice
1133 2170 1153 2212 a
1168 2147 1357 2212 censoribus

186 2230 334 2294 editionis
357 2254 448 2295 meae
470 2232 615 2316 agnitum
639 2239 671 2295 et
691 2230 865 2318 probatum
881 2253 952 2295 esse
974 2229 1085 2296 laetor.
1128 2230 1193 2310 Qui
1214 2233 1241 2293 si
1265 2252 1285 2293 a
1306 2254 1357 2294 me

185 2315 216 2377 in
237 2311 374 2377 alteram
397 2315 506 2399 potius
521 2325 648 2399 partem
668 2314 798 2379 modum
819 2313 996 2378 excedente
1011 2313 1109 2379 multo
1133 2314 1237 2399 plura,
1260 2336 1356 2398 quam

186 2418 265 2481 opus
287 2396 418 2474 fuisset,
447 2397 602 2462 adnotata
624 2419 694 2462 esse
717 2405 929 2478 censuerunt,
960 2397 1079 2462 accidit
1106 2406 1249 2477 tantum,
1271 2396 1357 2482 quod

206 2478 421 2544 raevidoram.
463 2481 619 2545 Praedixi
647 2482 732 2545 enim
759 2503 823 2545 non
852 2478 1032 2561 defuturos,
1061 2481 1116 2568 qui
1146 2481 1289 2543 maxime
1317 2479 1357 2543 de

186 2501 262 2628 lbcis
285 2562 451 2649 parallelis
471 2574 504 2628 et
530 2563 706 2649 exemplis,
736 2585 820 2651 quae
839 2586 934 2628 usum
951 2561 1089 2650 aliquem
1112 2562 1242 2627 dicendi
1273 2584 1356 2626 oom-

186 2645 373 2732 probarent,
395 2648 491 2710 nimis
514 2646 608 2732 larga
628 2669 725 2711 manu
747 2645 915 2733 adspersis
938 2646 1042 2730 deque
1063 2647 1143 2710 viris
1166 2644 1280 2722 doctis,
1300 2647 1356 2729 qui

187 2750 282 2814 super
304 2727 366 2793 hac
388 2729 439 2794 vel
461 2729 518 2794 illa
539 2753 574 2793 re
595 2731 810 2815 grammatica
831 2730 1014 2794 accuratius
1038 2729 1286 2815 disputaverint,
1310 2730 1356 2792 ni·

186 2814 245 2877 mis
269 2814 457 2913 frequenter
479 2813 620 2879 laudatis
641 2835 768 2879 mecum
783 2812 1045 2899 expostularent3
1068 2812 1178 2878 sedin
1199 2811 1357 2879 librorum

187 2895 454 2983 philologrcorum
482 2898 605 2982 ingenti
633 2900 744 2984 copia,
772 2920 840 2983 qua
870 2906 1015 2962 nostram
1046 2905 1184 2962 aetatem
1208 2897 1357 2961 obrutam

187 2979 335 3045 videmus
378 2981 419 3044 iis
447 3003 574 3067 quoque
603 2981 775 3046 iuvenibus
799 2980 1062 3068 prospiciendum
1085 2982 1217 3067 putavi,
1240 2979 1356 3066 quibus

188 3030 412 3150 expluribus,
444 3066 499 3151 qui
521 3063 571 3127 vel
594 3064 733 3128 eundem
760 3086 855 3130 usum
881 3075 1074 3150 sequuntur,
1108 3062 1160 3127 vel
1182 3063 1295 3127 eadem
1317 3061 1356 3126 de

187 3168 221 3210 re
244 3149 457 3234 scripserunt,
480 3169 577 3211 unum
600 3146 696 3212 modo
720 3146 899 3212 alterumve
921 3145 1107 3212 conferendi
1129 3147 1257 3210 occasio
1283 3167 1356 3229 sup·

211 3240 285 3295 etat.
332 3229 442 3311 Quare
469 3252 520 3295 me
547 3254 612 3295 nou
642 3253 762 3301 vanam
784 3232 948 3318 quandam
979 3229 1147 3293 doctrinae
1174 3227 1357 3312 multaeque

187 3252 333 3379 litationis
356 3312 484 3378 laudem
500 3314 681 3389 affectasse,
703 3312 760 3377 sed
774 3312 837 3378 hac
854 3314 952 3377 etiam
973 3313 1007 3377 in
1029 3334 1065 3376 re
1086 3333 1185 3376 verae
1204 3312 1356 3375 iuvenum

188 3397 290 3461 literis
318 3400 520 3482 operantium
550 3396 683 3462 utilitati
713 3396 880 3461 consulere
911 3395 1069 3477 voluisse,
1097 3416 1218 3482 aequus
1248 3396 1356 3480 operis

188 3482 246 3544 mei
280 3501 395 3544 censor
425 3480 521 3545 facile
549 3479 613 3545 sibi
646 3479 866 3565 persuadebit.
910 3477 1006 3560 Quod
1034 3488 1140 3543 autem
1169 3480 1284 3542 attinet
1314 3478 1355 3541 ad

188 3567 391 3649 quaestiones
414 3562 455 3627 de
483 3572 567 3645 tota,
598 3586 694 3650 quam
717 3573 850 3645 vocant,
881 3564 1060 3627 carminum
1083 3563 1286 3642 oeconomia,
1316 3561 1357 3625 de

212 3646 315 3711 ulchri
338 3656 370 3711 et
392 3646 501 3712 decori
524 3668 635 3728 sensu,
658 3668 754 3734 quem
775 3656 872 3733 poeta
893 3647 928 3710 in
949 3644 1085 3730 singulis
1104 3643 1185 3709 locis
1208 3644 1260 3709 vel
1306 3668 1358 3709 ro

190 3670 320 3810 diderit,
337 3729 389 3793 vel
412 3729 592 3794 desiderari
613 3731 647 3794 in
669 3752 704 3793 se
726 3752 844 3815 passus
868 3730 924 3810 sit,
946 3727 987 3792 de
1008 3726 1171 3793 Aeneidos
1195 3750 1266 3791 cum
1323 3751 1358 3791 o·

188 3816 265 3877 meri
289 3811 488 3876 carminibus
511 3823 719 3899 comparatae
740 3812 792 3877 vel
809 3810 985 3876 virtutibus
1005 3811 1057 3875 vel
1073 3809 1208 3875 maculis
1229 3810 1357 3892 barum·

208 3919 246 3960 ue
276 3895 436 3960 similibus
467 3894 581 3976 rebus,
609 3919 689 3983 quas
713 3895 799 3961 Car.
822 3893 954 3960 Fried.
977 3894 1357 3979 Naegelsbachius,

187 3918 393 4044 doctissimus
415 3977 501 4042 idem
526 3989 622 4066 atque
644 3981 859 4063 aequissimus
882 4001 996 4043 censor
1019 3978 1172 4042 editionis
1186 3999 1277 4041 meae
1289 3976 1356 4041 Mo·

187 4064 335 4127 nacensis
358 4061 620 4135 (Munohenor
644 4061 727 4127 Gel.
745 4063 965 4146 Anneigen
989 4062 1358 4136 1838.Nr.109-1tt.)

187 4168 256 4211 meo
280 4168 346 4209 non
369 4147 475 4209 minus
497 4168 593 4230 quam
613 4146 772 4229 Wagneri
793 4145 1026 4210 commentario
1054 4145 1161 4207 rarius
1181 4142 1277 4208 modo
1301 4142 1357 4207 ad-

187 4251 319 4314 spersas
347 4250 418 4292 esse
441 4231 664 4314 conqueritur,
696 4230 755 4293 has
781 4229 860 4293 mihi
883 4226 1013 4326 quidem
1036 4248 1056 4291 a
1079 4224 1137 4291 tali
1158 4248 1358 4291 commen-

189 4313 298 4377 tario
315 4312 492 4376 maximam
508 4323 635 4397 partem
654 4311 777 4377 alienas
790 4312 897 4377 viden
909 4312 943 4375 in
968 4332 1048 4375 enne
1063 4308 1227 4410 profiteor.
1251 4310 1357 4390 Quae·

188 4395 267 4460 dam
297 4404 407 4459 tamen
437 4395 531 4460 huius
555 4397 684 4479 generis
713 4397 746 4459 in
769 4396 858 4460 Diss.
883 4394 924 4459 de
976 4393 1078 4479 irgilir
1098 4395 1167 4457 vita
1188 4405 1220 4458 et
1242 4395 1357 4458 carmi-

187 4479 280 4542 nibus
304 4477 381 4541 huio
403 4478 534 4542 editioni
558 4480 739 4564 praemissa
770 4481 826 4542 atti
852 4480 880 4557 i;
908 4476 974 4541 alia
1002 4479 1036 4540 in
1058 4476 1280 4561 singularibus
1303 4500 1357 4540 ex-

189 4560 336 4625 cursibus
350 4560 523 4625 tractanda
536 4561 682 4644 fuissent,
705 4564 760 4649 qui
776 4500 933 4626 ambitum
950 4559 1023 4625 ideo
1048 4583 1088 4625 ue
1104 4561 1202 4625 etiam
1217 4560 1358 4707 pretium

187 4642 281 4709 huius
306 4643 459 4708 editionis
480 4645 614 4708 nimium
637 4655 791 4731 quantum
815 4645 994 4711 auxissent.
1041 4643 1194 4709 erborum
1241 4644 1358 4729 auique

188 4726 434 4793 scribendorum
457 4728 526 4793 sive
549 4728 801 4815 orthographiae
826 4751 898 4793 eam
920 4728 1042 4792 retinui
1069 4728 1245 4806 rationem,
1274 4749 1358 4813 quae

188 4834 272 4876 nunc
294 4810 426 4892 vulgari
447 4834 508 4875 usu
529 4822 663 4897 recepta
678 4821 736 4891 est,
757 4812 817 4876 etsi
832 4810 982 4890 Codices,
1003 4812 1164 4895 imprimis
1180 4807 1357 4891 Mediceus‚

186 4897 239 4981 qui
261 4895 330 4959 fere
354 4892 440 4958 solus
462 4894 515 4958 hic
534 4894 568 4957 in
586 4916 718 4959 censum
736 4896 834 4974 veuit,
853 4893 942 4959 haud
988 4915 1070 4958 auca
1085 4892 1250 4957 continent
1263 4892 1357 4973 alius,

185 4979 205 5042 i.
223 5002 250 5043 e.
262 4978 465 5064 antiquioris,
488 4977 739 5065 orthographiae
751 4979 900 5065 vestigia.
944 4916 1023 5041 lilia
1045 4985 1094 5040 est
1109 4975 1193 5038 enim
1215 4974 1357 5064 Virgilii,
