3359 5725
520 1410 1019 1545 CIRIS

626 1645 676 1710 ab
699 1646 910 1715 Musulami.

714 1834 825 1842 --η---.1

568 1959 974 2055 ARGUMENTUM.

249 2156 303 2222 „ll
322 2158 426 2211 Valerio
445 2158 577 2214 Messalae
604 2160 762 2231 inscriptum
789 2165 832 2216 est
859 2178 978 2217 carmen:
1009 2162 1086 2231 eique
1111 2161 1140 2214 iu
1162 2164 1269 2217 exordio
1288 2164 1356 2217 satis

182 2222 282 2278 diserto
312 2226 395 2305 1111.
418 2231 472 2280 100.
498 2226 565 2306 illud
594 2229 672 2283 offert
699 2234 788 2298 poeta.
822 2231 940 2283 Narrare
966 2230 1028 2283 inde
1057 2229 1155 2297 incipit
1183 2231 1305 2285 fabulam
1322 2232 1356 2285 de

181 2291 279 2358 Scylla,
310 2293 370 2345 Nrsr
387 2293 586 2361 Megarensium
616 2297 687 2365 regis
713 2297 777 2352 filia.
813 2297 939 2350 Habebat
957 2296 1040 2349 Nisus
1069 2296 1097 2348 in
1127 2299 1227 2351 vertice
1256 2300 1355 2353 crinem

181 2375 354 2428 purpureum,
373 2361 435 2413 urbi
451 2377 482 2414 ac
501 2378 528 2415 re
569 2363 724 2430 ofatalem,
748 2368 779 2416 ut
800 2366 858 2433 oapi
877 2365 988 2431 Megara
1007 2380 1060 2416 non
1079 2366 1199 2430 possent,
1228 2365 1357 2434 quarudiu

549 2380 566 2414 u

181 2427 225 2479 ille
255 2428 395 2481 incolumis
424 2431 504 2482 esset.
529 2380 636 2494 glutines,
667 2432 762 2485 Cretae
791 2447 845 2498 reu,
877 2432 987 2500 Megara
1013 2431 1107 2483 urbem
1129 2447 1190 2483 cum
1208 2431 1353 2500 obsideret,

181 2494 279 2563 Scylla,
309 2512 370 2548 cum
400 2513 430 2548 er
452 2513 528 2549 muro
545 2497 615 2551 forte
633 2514 694 2551 eum
713 2498 903 2567 prospexisset,
936 2498 1030 2551 insano
1048 2498 1106 2550 eius
1124 2514 1214 2552 amore
1234 2503 1357 2567 correpta

181 2568 235 2615 est:
264 2579 316 2631 quo
334 2562 382 2616 illu
398 2563 471 2617 victa
489 2566 570 2618 noctu
589 2565 711 2627 surrexit,
737 2569 769 2619 ut
788 2566 888 2619 crinem
907 2566 983 2618 illum
1001 2565 1114 2619 fatalem
1134 2565 1205 2619 olam
1222 2567 1356 2621 rescinde-

181 2632 231 2693 ret,
263 2646 314 2699 quo
342 2631 394 2683 sibi
410 2631 506 2684 Minois
525 2648 642 2686 amorem
666 2633 828 2687 conciliaret.
853 2633 1000 2686 Exeuntem
1025 2633 1147 2687 cubiculo
1165 2634 1357 2688 animadvertit

181 2698 279 2760 nutrix,
311 2698 416 2765 Carme,
446 2699 505 2751 lovi
522 2700 585 2768 olim
610 2704 709 2764 amata,
740 2718 770 2755 ex
793 2716 846 2770 quo
868 2700 916 2754 illa
933 2700 1110 2753 Britomartis
1133 2704 1280 2770 pepererat.
1316 2703 1356 2755 Ea

180 2766 305 2819 alumnae
325 2766 436 2819 meliora
453 2766 570 2887 primunr
589 2770 731 2834 persuasit,
752 2785 812 2822 mox
832 2768 924 2821 autem
943 2767 1038 2821 multis
1058 2769 1158 2822 frustra
1177 2769 1301 2833 tentatis,
1324 2771 1354 2822 ut

179 2832 262 2888 Nisus
280 2835 404 2913 pactione
421 2835 522 2888 belum
544 2840 723 2904 componeret,
751 2837 779 2890 in
797 2836 928 2890 nutricias
946 2836 1111 2890 sententiam
1130 2837 1268 2890 concessit.
1304 2836 1356 2890 Re-

180 2906 255 2956 seotu
281 2902 366 2970 rgitur
383 2902 449 2956 Niso
478 2918 554 2956 coma
571 2920 652 2957 aurea
668 2912 697 2958 et
715 2910 774 2959 cum
793 2904 861 2957 urbe
877 2904 960 2957 Minoi
979 2903 1091 2957 tradita.
1124 2904 1152 2958 Is
1171 2920 1233 2957 vero
1250 2904 1355 2957 facinus

180 2975 237 3023 tam
256 2973 332 3023 atrox
350 2972 378 3024 et
395 2970 507 3039 impium
525 2974 673 3035 aversatus,
703 2988 763 3025 cum
781 2972 809 3025 in
828 2971 939 3025 Cretam
956 2971 1067 3033 rediret,
1095 2971 1222 3038 puellam,
1247 2988 1281 3024 ne
1317 2972 1355 3025 ia-

181 3038 240 3091 culo
269 3040 346 3090 tauto
373 3036 487 3091 classem
506 3040 710 3105 contaminaret,
738 3055 772 3093 ue
790 3039 853 3092 navi
872 3038 980 3107 quidem
999 3039 1117 3107 recipere
1135 3038 1228 3105 voluit,
1260 3055 1287 3092 se
1326 3056 1357 3091 er

179 3106 272 3158 novis.
286 3106 417 3183 citeriore
445 3105 530 3185 latero
560 3107 701 3174 alligatam
725 3105 928 3184 secundarit.
965 3106 1034 3158 Tum
1061 3105 1212 3185 illa'multa
1230 3105 1277 3184 diu
1295 3122 1355 3185 cou-

179 3172 1358 3310 1111111.111111111111111113111111111111

179 3308 299 3361 Eandem
327 3309 446 3361 tabulam
474 3307 614 3361 oGraeois
642 3309 697 3361 iam
715 3309 884 3362 Stesichorus
902 3307 1002 3374 (Schol.
1026 3308 1060 3360 ad
1077 3307 1201 3375 Apollou.
1220 3308 1268 3369 lv,
1289 3311 1358 3374 828.)

179 3379 207 3428 et
226 3375 407 3429 Callimachus
426 3375 455 3426 lu
473 3376 583 3435 Αἰτίοις
602 3375 646 3443 (ci.
665 3376 785 3430 Martial.
805 3376 840 3438 X,
858 3378 893 3443 1.)
914 3378 1107 3429 tractaverant.
1126 3375 1168 3430 Cf.
1186 3374 1269 3429 etiam
1287 3375 1357 3429 Pau·

179 3459 238 3495 sun.
266 3443 288 3509 Ι,
313 3448 352 3506 11,
377 3448 400 3496 5.
429 3442 466 3505 II,
491 3447 532 3509 31,
561 3448 584 3496 ’1.
615 3443 867 3511 Apolloc.111‚15‚
890 3446 913 3497 8.
943 3443 985 3512 Hy
1006 3443 1042 3497 iu.
1063 3443 1081 3495 f.
1102 3447 1158 3497 198.
1189 3443 1277 3498 Schol.
1294 3443 1357 3496 Eur.

178 3511 260 3578 Hipp.
282 3514 353 3564 1200.
384 3509 637 3578 Ovid.Mot.V111,
666 3516 707 3565 80.
736 3514 764 3566 et
783 3512 863 3580 Verg.
883 3509 940 3564 Ecl.
960 3461 1007 3576 Vf,
1026 3514 1076 3577 71,
1105 3527 1135 3564 ex
1164 3510 1357 3565 recentioribus

178 3578 322 3698 {otenel}d
330 3579 361 3632 H.
381 3579 459 3631 Voss.
488 3576 515 3630 iu
533 3578 619 3648 Epist.
649 3579 760 3648 mythol
780 3579 800 3633 l.
819 3597 846 3647 p.
866 3581 924 3634 219.
942 3579 969 3632 et
988 3578 1100 3633 Lobeck.
1125 3579 1153 3631 in
1171 3578 1357 3646 Aglaopbamo

200 3690 206 3700 .
229 3662 254 3714 p.
274 3649 316 3669 ‘⁶‘
340 3662 380 3714 sq.
