3359 5725
528 589 758 662 AENEIDOS
778 594 862 663 L1B.
883 592 973 664 VIII.

144 757 296 906 Avertit}l
306 759 443 824 totidem
464 760 571 827 forma
592 774 768 849 superante
792 765 955 830 iuvencas.

144 842 250 928 Atque
296 865 344 925 os,
366 865 407 908 ue
429 866 494 929 qua
514 845 621 909 forent
642 846 780 933 pedibus
805 850 946 933 vestigia
966 849 1075 931 rectis,

144 923 260 991 Gauda
281 926 315 989 iu
338 926 525 1013 speluncam
545 937 668 995 tractos
689 933 860 1018 versisque
881 935 1011 997 viarum
1270 943 1320 993 210

144 1006 279 1073 Iudiciis
298 1019 413 1097 raptos
435 1033 516 1075 saxo
538 1012 723 1078 occultabat
745 1035 859 1101 opaco.

144 1089 323 1171 Quaerenti
348 1089 436 1157 nulla
458 1094 501 1158 ad
524 1117 539 1157 s
565 1094 715 1161 eluucam
737 1120 833 1182 sigua
855 1097 1012 1163 ferebant.

144 1174 282 1258 luterea,
304 1197 377 1240 cum
399 1178 466 1241 iam
488 1116 627 1243 stabulis
650 1190 796 1245 saturata
820 1190 966 1246 moveret

144 1258 458 1346 Amphitryoniades
480 1271 630 1327 armenta
649 1262 837 1348 abitumque
858 1274 1002 1351 pararet,

144 1341 304 1407 Discessu
323 1344 451 1429 mugire
470 1342 572 1410 boves
594 1353 694 1433 atque
717 1369 811 1413 omne
833 1346 974 1434 querelis
1268 1358 1318 1409 215

144 1625 215 1680 l'ast.
234 1624 258 1690 I,
277 1627 336 1678 548.
361 1627 433 1679 duos
455 1625 534 1679 modo
556 1630 755 1684 commemorat.
785 1628 875 1683 Ceteri
901 1644 1041 1682 numerum
1071 1644 1124 1682 nou
1155 1627 1267 1683 addunt.
1286 1657 1319 1668 -

147 1711 177 1760 ,a
193 1693 355 1756 stabulis,
385 1708 402 1746 a
425 1693 542 1763 pascuis,
572 1694 598 1747 in
628 1694 725 1764 quibus
753 1696 966 1764 procubuerant:
995 1695 1038 1764 [cf.
1061 1712 1087 1750 r.
1106 1697 1173 1765 204]
1192 1695 1318 1762 atriti.

144 1762 246 1816 lterum
271 1761 311 1814 sie
327 1777 352 1816 r.
374 1763 451 1813 213f⁴
481 1761 570 1829 Hepa.
589 1761 683 1831 Wagn.
703 1763 825 1827 adnotat,
844 1763 951 1817 Livium
968 1762 991 1828 1,
1011 1767 1035 1815 7.
1054 1764 1143 1817 lourm
1174 1763 1318 1817 terbidum

144 1828 287 1950 :ppellare
307 1860 339 1867 —
357 1824 424 1887 208.
444 1828 591 1895 Avertit,
614 1830 708 1899 abigit.
735 1831 793 1888 vid.
820 1830 856 1885 ad
873 1831 895 1899 I,
914 1834 973 1885 472.
996 1833 1024 1884 et
1039 1830 1072 1895 X,
1095 1833 1135 1884 78.
1164 1830 1318 1952 cmi&

175 1898 219 1950 ert
239 1894 342 1951 Catuli.
359 1894 436 1949 uxn
453 1895 572 1961 (LXIV),
590 1903 615 1951 5.
635 1898 770 1952 Auratam
793 1906 917 1969 optantes
937 1897 1046 1952 Colchis
1069 1905 1191 1952 civeram
1211 1917 1232 1968 p
1312 1942 1318 1954 .

144 1963 220 2033 lpud
241 1963 319 2018 Ovio.
338 1963 358 2015 1.
376 1961 395 2017 l.
413 1978 437 2017 v.
456 1967 513 2019 550.
551 1965 687 2018 Trcmerat
705 1983 823 2029 avaros,
847 1968 874 2020 et
892 1966 931 2019 sic
954 1966 1036 2019 etiaui
1058 1981 1101 2034 ap.
1120 1965 1243 2035 Propert.
1260 1965 1278 2020 l.
1297 1966 1317 2019 l.

144 2048 160 2084 ι.
184 2035 225 2084 12.
245 2031 366 2084 Aneros
383 2031 475 2084 canda
493 2032 578 2084 traete
595 2033 626 2085 ia
648 2041 731 2088 antra
759 2036 846 2088 bova.
875 2033 1000 2088 Ceterum
1021 2049 1067 2102 per
1090 2050 1117 2086 sc
1136 2036 1220 2102 patet,
1250 2033 1318 2087 Sub-

145 2101 242 2152 actum
260 2098 340 2150 huius
357 2098 507 2152 sententiae
524 2114 577 2152 nou
596 2115 653 2154 esse
671 2101 735 2155 Caci
753 2104 907 2162 mentem,
931 2101 979 2156 sed
998 2100 1098 2155 Cacum
1116 2101 1214 2170 ipsum,
1239 2115 1317 2170 quern

144 2183 217 2220 nens
237 2165 319 2220 effera
337 2164 463 2233 impellit,
483 2166 515 2218 ut
533 2169 652 2230 avertat;
677 2168 704 2220 in
722 2185 804 2237 quam
821 2185 879 2222 rem
895 2169 1002 2222 Ladeu.
1022 2171 1085 2236 apte
1103 2169 1240 2238 comparat
1259 2167 1317 2221 Liv.

144 2235 161 2296 l,
185 2238 225 2294 15,
252 2238 274 2287 1.
305 2233 415 2286 irritati
437 2232 587 2288 Veientium
616 2235 704 2288 aneni
723 2267 734 2275 ·
754 2266 766 2277 ·
784 2237 815 2289 ia
841 2239 907 2301 linea
928 2237 1071 2290 Romanos
1097 2242 1317 2290 excucurremat.

144 2332 172 2341 —
190 2302 307 2368 forma
324 2308 505 2368 superante
521 2300 617 2370 Wagn.
644 2303 671 2354 iu
694 2303 758 2358 min.
777 2302 842 2357 edit.
863 2304 934 2357 recte
953 2303 1080 2373 explicat:
1104 2303 1182 2368 „tali,
1201 2305 1233 2357 ut
1250 2302 1320 2356 nihil

144 2385 225 2437 supra
254 2384 313 2422 esse
338 2368 452 2434 possit“,
484 2366 596 2438 ideoque
629 2371 737 2424 omnino
764 2368 953 2440 pulcherrima.
994 2369 1097 2424 Peerlk.
1128 2374 1228 2434 tameu
1258 2386 1318 2423 curn

144 2436 308 2503 praecedant
327 2435 411 2489 verba
424 2437 582 2505 praestanti
596 2454 714 2507 corpore
731 2446 834 2502 tauros,
853 2439 1064 2506 comparativam
1081 2437 1218 2492 notionem
1231 2438 1320 2490 inesse

160 2505 240 2556 utat:
258 2518 325 2572 quae
345 2506 448 2568 tauros,
468 2519 631 2573 quamquam
649 2505 802 2573 praestanti
819 2520 928 2572 corpore
942 2509 1028 2572 erant,
1046 2504 1134 2558 forma
1146 2504 1319 2574 superabant.

214 2573 321 2624 contat
347 2570 470 2632 feminas,
499 2571 632 2638 imprimis
660 2573 778 2626 nondum
805 2573 924 2634 adultas.
953 2589 970 2626 a
1002 2571 1128 2626 masculis
1158 2572 1319 2627 animalibus

144 2638 230 2691 forma
252 2638 382 2707 superari.
401 2668 433 2676 -
451 2635 566 2698 atos.
595 2640 753 2695 aMercnrii
782 2640 864 2693 furtis
894 2639 1069 2694 adumbratos
1090 2655 1156 2704 esse,
1187 2644 1319 2693 memorat

231 2745 238 2768 ‚
271 2705 332 2759 coll.
351 2705 429 2760 Horu.
455 2706 481 2758 h.
504 2655 631 2761 iublerc.
649 2723 674 2760 v.
693 2711 725 2762 69
744 2724 802 2787 sqq.
822 2709 851 2761 et
869 2712 900 2761 75
919 2724 960 2777 sq.
981 2739 1013 2746 -
1028 2709 1173 2777 pedibus
1200 2707 1318 2769 rectia,

144 2705 181 2825 lter
212 2751 234 2826 t.
253 2773 348 2836 absol,
365 2790 425 2842 pro:
444 2773 468 2827 si
480 2773 561 2842 pedes
574 2775 642 2827 recti
655 2779 746 2829 esseut
762 2775 895 2844 impressi,
913 2774 1025 2854 ideoque
1038 2775 1055 2831 i.
1068 2791 1094 2844 q.
1113 2775 1228 2854 vestigia
1239 2774 1319 2896 pedi-

144 2857 190 2896 rus
209 2841 293 2895 rectis
311 2840 392 2895 lacn.
424 2840 468 2895 Sic
484 2840 567 2896 etiam
585 2840 737 2912 Conington
756 2845 851 2898 contra
868 2843 941 2899 Serv.
960 2842 1112 2913 disputans,
1136 2859 1181 2913 qur
1201 2860 1238 2911 pe
1261 2844 1320 2896 abus

144 2909 223 2963 wis
240 2925 290 2978 pro
308 2908 408 2963 Datiro
428 2908 519 2963 babet.
541 2940 572 2947 -
590 2906 654 2970 210.
672 2911 804 2965 viarum
820 2911 955 2965 indicia
972 2913 1036 2963 sunt
1065 2910 1164 2980 pedum
1193 2909 1318 2978 vestigia,

144 2976 729 3103 ttstttimfflb‘tittitttut
742 2978 1026 3099 ‘ttptltttitt’
1042 2993 1098 3098 {2⁰3
1117 2976 1319 3098 ittitttt

144 3110 251 3166 Wakef.
271 3111 338 3166 coni
356 3119 464 3182 raptor,
514 3111 566 3165 uod
586 3112 644 3166 iure
660 3064 833 3167 vehemeutlir
860 3113 990 3181 languere
1021 3065 1112 3166 denset
1129 3112 1160 3165 Ia
1199 3151 1206 3177 ,
1237 3127 1319 3179 quare

144 3178 212 3233 banc
233 3179 417 3233 coniecturam
446 3129 623 3233 aqubbeckio
642 3179 671 3232 in
689 3181 843 3234 contextum
862 3182 999 3249 receptam
1017 3195 1075 3232 esse
1103 3178 1193 3241 miror,
1223 3192 1319 3245 quaru-

144 3263 225 3316 quam
255 3262 300 3316 ap.
319 3246 443 3314 Propert.
461 3247 493 3310 V,
512 3248 581 3314 (IV)
600 3251 624 3314 9,
644 3253 669 3301 9.
692 3248 807 3316 legimus
830 3247 929 3300 Incola
961 3245 1050 3300 Caetra
1078 3253 1146 3307 eret,
1176 3248 1318 3299 natendo

144 3322 243 3384 raptor
259 3315 296 3367 ab
314 3321 404 3367 anuo.
440 3314 468 3369 Si
486 3314 558 3369 euim
588 3329 652 3367 vera
680 3318 779 3383 essent,
812 3330 882 3382 quae
899 3313 949 3367 Vir
966 3313 1075 3367 docbss.
1101 3311 1205 3382 Proleg.
1224 3330 1249 3382 p.
1270 3316 1319 3366 365
1362 3320 1366 3325 ’

144 3399 181 3451 sq.
199 3381 324 3451 profert:
355 3381 452 3449 „quau
472 3383 566 3451 raptos
583 3398 641 3436 esse
659 3381 778 3436 noudum
797 3382 865 3436 satis
882 3380 1072 3436 inculcavisset
1089 3383 1169 3450 poeta
1190 3383 1217 3435 et
1238 3380 1319 3434 verbo

144 3451 244 3503 amm
261 3465 287 3503 v.
305 3452 364 3503 298.
383 3451 411 3503 et
428 3452 537 3504 narrato
556 3449 671 3535 vestigia
688 3449 812 3503 vertendi
840 3449 983 3518 artificio·⁴‚
1011 3464 1098 3502 noune
1116 3449 1197 3529 etiam
1226 3464 1318 3527 super-

144 3515 1319 3647 mauride,tuttiinduiturus?atttriti

144 3651 226 3706 versis
245 3651 351 3706 riarum
369 3650 475 3706 indiciis
493 3653 520 3706 iu
540 3652 696 3721 speluncam
712 3655 815 3707 tractos
837 3652 937 3723 rapuit,
966 3651 1073 3705 furatus
1091 3653 1142 3717 est,
1174 3654 1202 3705 et
1231 3650 1319 3704 occul·

144 3720 211 3773 tavit
240 3720 269 3773 iu
298 3735 371 3781 saxo,
403 3720 456 3775 Sed
485 3721 567 3775 etimn
586 3719 725 3774 (lemmate
744 3719 791 3774 illo
810 3736 863 3774 ιιοιι
892 3719 984 3773 addito
1014 3735 1092 3772 uerno
1122 3718 1209 3772 locum
1241 3718 1320 3772 aliter

174 3789 233 3841 tert
252 3786 416 3857 intelligere.
451 3787 598 3855 Participio
615 3795 712 3857 raptos
731 3787 836 3841 adiecto
855 3786 955 3841 disemo
977 3786 1112 3840 iudicatur
1140 3786 1208 3839 furti
1238 3801 1319 3839 causa

144 3804 222 3909 ldves
241 3870 258 3908 a
277 3854 348 3909 Caco
365 3856 477 3909 abactos
496 3872 568 3918 esse,
591 3871 657 3924 quos
675 3855 734 3923 ipse
752 3854 911 3924 possideret.
947 3855 1072 3908 Ceterum
1090 3852 1124 3905 ci.
1143 3852 1215 3906 locos
1230 3852 1318 3907 Ovidii

144 3926 168 3977 et
196 3922 280 3993 Prop.
308 3921 388 3977 modo
407 3923 542 3978 laudatos.
564 3953 598 3962 -—
620 3918 684 3981 212.
711 3924 897 3983 Quaerenti
922 3923 1017 3976 sulla
1044 3921 1141 4000 aipaa
1166 3922 1211 3973 nd
1238 3920 1317 3988 apel.

144 3990 311 4056 ferebant,
336 3990 353 4043 ‘a
372 4007 396 4045 e.
413 3990 555 4060 quaerenti
572 3990 649 4044 nulla
665 3990 744 4060 signa
762 3990 796 4044 ad
815 3990 972 4060 speluncam
994 3989 1107 4042 ferentia
1137 3986 1308 4064 apparebant
1312 4006 1319 4048 ;

144 4059 286 4128 quaerenti
300 4061 392 4112 autem
411 4061 455 4113 est
470 4058 585 4112 Datirus
611 4057 743 4112 commodi
760 4058 865 4128 positus
878 4073 946 4136 pro:
976 4055 999 4109 si
1029 4054 1089 4123 quis
1136 4054 1235 4115 uaent;
1262 4068 1317 4121 qni,

144 4143 201 4181 rum
218 4144 237 4179 r
285 4126 291 4138 ’
313 4125 337 4177 'a
354 4129 449 4189 fer-irat
465 4127 560 4195 atauo
582 4124 656 4179 hand
675 4141 736 4179 raro
758 4126 816 4179 sine
834 4124 946 4179 Obiecto
968 4123 1074 4176 dicatur
1097 4069 1140 4201 (pl.
1160 4120 1216 4173 Liv.
1236 4121 1258 4187 Ι,
1277 4122 1317 4173 at.

144 4194 216 4249 Cau.
235 4192 267 4247 Β.
310 4193 358 4260 ,1,
377 4198 419 4249 27.
436 4195 510 4261 ete),
541 4196 655 4262 apoeta
673 4195 736 4261 apte
753 4194 863 4263 poterat
888 4190 1012 4260 adiungi;
1044 4193 1071 4243 et
1089 4206 1168 4254 aprus
1184 4189 1317 4255 ferebam,

144 4262 210 4332 quod
228 4261 271 4316 He
310 4262 427 4316 .minus
443 4264 515 4316 recte
532 4277 593 4330 per:
625 4276 653 4315 se
671 4260 803 4329 ferebant,
822 4259 965 4329 ἐφέροντο,
997 4258 1200 4325 interpretatur,
1223 4254 1317 4323 Wagn.

144 4335 211 4385 reste
283 4345 326 4383 em
344 4330 449 4384 ratione
466 4328 624 4398 capiendum
642 4344 700 4382 esse
714 4328 799 4394 docet,
818 4343 873 4397 qua
890 4326 996 4381 dicatur
1013 4326 1060 4379 υία
1076 4326 1155 4388 sen-e
1165 4324 1208 4378 vel
1221 4326 1320 4376 ducac

144 4398 175 4451 ili
213 4415 239 4451 o.
274 4397 337 4450 Nou
355 4397 454 4451 mirum
472 4400 572 4461 tamen,
592 4395 676 4449 Codd.
713 4396 826 4450 uosdam
849 4394 972 4449 exhibere
992 4396 1170 4454 Quaererem
1188 4394 1231 4458 (ut
1248 4390 1316 4453 Pal,

228 4463 379 4520 mundum
397 4463 503 4534 Wagn„
522 4480 585 4517 nam
597 4412 724 4517 Ribbecl.
744 4464 777 4518 de
796 4479 828 4517 eo
846 4465 929 4528 tacet)
944 4461 988 4516 vel
1001 4461 1170 4539 Quaereatea.
1183 4460 1225 4526 (ut
1241 4457 1317 4512 Itoni.

144 4535 167 4587 rt
184 4550 201 4589 a
219 4551 256 4587 ιιι.
277 4548 332 4586 see.
351 4531 442 4599 (iud).
476 4531 580 4586 Wakei.
600 4531 653 4599 (eui
671 4534 743 4585 reete
761 4530 922 4585 adversatur
937 4529 1054 4592 Peerlk.)
1075 4527 1108 4581 de
1126 4527 1204 4579 huius
1225 4540 1318 4578 versus

144 4600 279 4667 reamur
301 4600 414 4654 dubitat
444 4601 525 4669 atque
548 4598 630 4653 etiam
648 4598 766 4666 Sipfiins
783 4600 886 4652 rectam
908 4597 960 4651 loci
978 4595 1184 4666 explicationem
1215 4590 1320 4644 orditur

144 4668 180 4723 ιιι
196 4670 300 4725 verbis:
332 4669 441 4730 ‚Wena
458 4670 508 4720 der
530 4666 596 4719 Vera
622 4667 688 4719 dett
713 4666 776 4719 ist.“
812 4665 937 4719 Ceterum
967 4665 1000 4718 ef.
1020 4662 1095 4718 Ovio.
1114 4662 1189 4715 Fast.
1207 4659 1230 4720 I,
1250 4661 1317 4722 549,

144 4737 183 4805 lui
200 4736 267 4793 haec
285 4735 321 4790 ad
341 4708 436 4804 ipsum
452 4733 596 4788 Herculem
615 4733 732 4787 referens
751 4732 839 4786 canit:
870 4732 961 4786 Natta
978 4732 1052 4785 viriet
1078 4729 1159 4783 taciti
1185 4742 1319 4806 quaereas

145 4807 252 4875 rutipia
267 4804 352 4874 farti.
385 4801 521 4870 Vergilius
538 4817 601 4855 vero
626 4800 732 4854 omittit
747 4798 874 4854 Herculia
892 4816 996 4865 nomen,
1027 4797 1091 4867 quia
1120 4797 1202 4850 etlam
1234 4810 1318 4848 curru

144 4873 180 4928 nii
202 4871 347 4943 quaerenti
364 4869 444 4923 nulla
461 4869 539 4937 sigua
556 4886 573 4924 a
591 4868 754 4936 paruissent.
772 4897 806 4906 -
823 4863 888 4927 213.
906 4866 1050 4919 stabulis
1067 4868 1217 4917 moveret.
1254 4860 1317 4915 Vid.

144 4958 169 4996 ru
188 4957 219 4996 ra
250 4939 286 4996 ad
309 4955 335 4993 r.
355 4940 417 4991 not.
436 4939 464 4991 et
482 4937 514 4991 cf.
586 4939 669 5005 ,429
697 4935 789 5005 portis
815 4934 928 4989 monn-i.
964 4934 1032 4986 Cum
1065 4931 1123 4985 isa
1154 4946 1183 4984 rc
1210 4930 1243 4985 ci.
1261 4929 1318 4984 Ecl.

214 5012 256 5064 44,
276 5038 310 5048 -
328 5004 394 5067 215,
415 5003 591 5069 Discessu,
618 5004 635 5058 i.
655 5020 677 5058 e.
696 5018 756 5057 cum
779 5001 954 5057 discederent.
990 4998 1034 5053 Sic
1077 5002 1162 5068 ,tlt
1185 5000 1319 5062 abscessu,

190 5101 308 5143 men..
327 5099 406 5140 raas
428 5096 475 5136 m.
494 5097 540 5137 ιιι.
560 5097 601 5137 ιι.
651 5156 660 5178 ⁰
1079 5081 1109 5130 1⁰
