3359 5725
322 593 383 655 270
676 586 712 652 P.
736 585 924 652 VERGILI
945 583 1145 650 MARONIS

322 755 445 819 Inferet
464 762 496 818 et
517 752 686 840 pulchram
708 761 865 840 properet
885 773 944 838 per
965 750 1102 815 vulnera
1123 748 1285 815 mortem?

324 838 425 903 Ocius
447 834 588 902 adducto
609 846 763 924 torquens
783 834 902 901 hastile
923 834 1055 916 lacerto,

324 921 511 1008 Suspiciens
533 918 632 984 altam
653 918 790 997 Lunam,
812 920 860 984 sic
882 938 964 983 voce
986 924 1156 1003 precatur:

322 1004 406 1087 „Tu,
429 1003 499 1086 dee,
521 1010 557 1067 tu
578 1024 734 1089 praesens
757 1013 869 1068 nostro
892 1023 1046 1067 succurre
1065 999 1182 1082 labori,

323 1354 373 1420 set,
393 1351 416 1406 si
433 1351 580 1420 cogitabat,
611 1352 693 1406 etism
710 1348 848 1422 sequentis
876 1367 970 1406 versus
998 1350 1115 1406 elterum
1132 1350 1331 1406 hemistichium
1359 1351 1415 1406 ianr
1432 1350 1496 1406 (188.

322 1420 370 1488 IV,
393 1423 451 1473 218.
466 1419 584 1488 positum
605 1435 663 1473 esse
681 1423 763 1490 atque
784 1421 888 1475 8888888
909 1420 960 1485 818,
984 1419 1082 1473 81118
1099 1420 1246 1488 88818888
1264 1418 1375 1473 incursu
1391 1427 1498 1488 agatur,

322 1487 412 1542 88188
430 1486 592 1541 mentionem
620 1488 692 1555 11881,
720 1503 800 1556 quum
832 1487 939 1541 omnino
965 1487 1096 1554 hortium,
1125 1485 1248 1556 equidem
1276 1502 1339 1540 cum
1356 1487 1442 1566 Heyn.
1472 1490 1498 1540 et

411 1554 570 1609 lectionem
586 1555 616 1607 ia
632 1569 706 1610 88888
716 1554 823 1623 8881881,
841 1553 1354 1675 8888888188Ρ88811,8131818888,
1369 1553 1497 1610 Rrbbeelr.

322 1625 351 1676 et
409 1621 524 1691 nington
543 1625 711 1691 receperunt,
731 1622 875 1677 Gossravro
893 1625 984 1676 tamen
1001 1621 1130 1692 Hauptio,
1151 1620 1192 1675 La
1211 1638 1225 1675 e
1289 1638 1303 1675 o
1322 1624 1352 1675 et
1368 1621 1495 1676 Benoistc

322 1690 356 1743 ob
376 1688 460 1743 Codd.
479 1690 668 1744 auctoritatem
685 1705 738 1744 non
758 1690 981 1744 adsentientibus.
1000 1689 1042 1742 ef.
1062 1690 1143 1743 etiarn
1161 1704 1228 1758 quae
1275 1704 1337 1758 agn.
1357 1688 1385 1741 in
1398 1688 1498 1742 Philcl.

262 1810 267 1817 .
321 1756 987 1879 8888118.388.881111.Χ11Π.8.171.18
1013 1756 1063 1837 188
1092 1756 1335 1837 18881188888818.
1372 1756 1498 1835 Ceterum

322 1825 357 1878 81.
387 1824 570 1878 ocraBurm.
589 1823 818 1879 881188818111.
857 1829 936 1891 ,551
971 1825 1084 1878 Medsos
1099 1832 1248 1877 montursis
1259 1841 1288 1877 88
1305 1825 1395 1877 hostes
1412 1824 1500 1876 Ira-rat

321 1894 350 1946 et
365 1891 412 1957 XI,
432 1896 490 1945 141.
525 1893 635 1960 Equum
651 1893 755 1946 88881888
771 1894 921 1947 moriter-us
937 1893 968 1944 in
985 1893 1074 1946 188888
1088 1891 1222 1955 08881888,
1241 1891 1288 1961 881
1298 1892 1393 1945 tamen
1412 1894 1499 1960 poete,

322 1960 346 2013 si
364 1958 471 2013 omnino
489 1959 515 2012 in
539 1961 598 2013 tam
616 1959 732 2029 simplici
750 1961 886 2014 sententia
910 1959 981 2014 alius
1005 1961 1195 2014 auctoritatem
1214 1963 1322 2013 secutus
1342 1961 1400 2026 est,
1419 1959 1499 2013 etiam

322 2026 436 2080 alterius
453 2026 505 2082 loci
522 2026 595 2081 inira
610 2043 635 2080 v.
656 2032 714 2081 554.
733 2043 834 2081 memor
850 2044 909 2081 esse
926 2030 1040 2095 poterat.
1059 2058 1092 2066 —
1109 2025 1174 2086 401.
1192 2027 1234 2081 Cf.
1252 2025 1408 2080 simillimus
1427 2026 1499 2081 locus

321 2094 385 2149 (188.
403 2094 450 2157 IV,
468 2097 525 2150 218.
544 2126 576 2134 -
593 2091 658 2154 402.
677 2094 847 2161 8088811888
864 2095 925 2149 Nisi
942 2111 974 2150 ex
990 2111 1015 2149 v.
1028 2099 1086 2149 469.
1105 2093 1296 2149 declarandum
1313 2097 1373 2148 est:
1392 2094 1500 2148 volebat

322 2162 428 2216 occulto
446 2164 474 2215 88
490 2161 629 2241 repentino
659 2163 764 2216 8888188
782 2163 942 2217 conturbare
967 2166 996 2216 et
1024 2165 1196 2216 consternare
1215 2162 1316 2227 hostes,
1346 2165 1379 2215 ut
1397 2162 1499 2227 incerti,

325 2229 423 2299 quibus
445 2228 551 2283 insidiis
588 2231 741 2294 eterentur,
771 2231 799 2283 in
818 2229 913 2299 iugum
930 2247 959 2284 se
976 2229 1149 2295 coniicerent;
1177 2230 1218 2283 ita
1238 2229 1374 2287 liberandi
1391 2228 1499 2299 Euryali

322 2297 426 2364 copiam
444 2298 527 2351 iore.“
595 2314 652 2366 eyn.
673 2328 703 2339 -
720 2299 867 2352 adducto
887 2298 1034 2359 lacerto,
1056 2299 1089 2351 ut
1106 2298 1138 2361 V,
1159 2301 1214 2353 141.
1235 2328 1269 2336 -
1291 2295 1358 2357 413.
1376 2295 1444 2351 Sus
1471 2297 1498 2349 i·

321 2364 539 2418 cs'ensaltum
557 2364 692 2420 Lunam.
726 2366 770 2419 Ali
789 2368 839 2418 888
860 2365 945 2420 Codd.
974 2365 1056 2433 (iuter
1081 2381 1148 2434 8888
1170 2364 1336 2419 Rometir
1405 2406 1411 2417 .
1455 2366 1500 2431 er.)

320 2451 393 2503 cusp.
412 2432 498 2487 818888
517 2431 694 2497 8811888888,
719 2383 802 2503 8881,
829 2432 978 2488 Schradero
1005 2433 1058 2486 iam
1081 2433 1225 2502 probatum
1247 2431 1348 2485 limeud
1370 2472 1376 2484 .
1405 2448 1433 2501 p.
1452 2436 1498 2494 55,

322 2499 424 2568 recepit
439 2500 517 2553 Iahn.
551 2500 618 2553 Mihi
635 2503 728 2556 tamen
748 2501 814 2556 1888
830 2500 912 2554 188818
936 2505 945 2567 (
966 2515 1017 2554 888
1034 2499 1117 2553 elium
1135 2503 1277 2569 patronum
1296 2498 1405 2553 nullum
1423 2501 1500 2554 neets

323 2571 377 2633 888)
394 2566 486 2621 181881
503 2566 610 2621 ridetur
626 2569 810 2623 Grammatico
827 2568 908 2622 ulmis
926 2568 959 2622 de
973 2568 1058 2629 8888,
1106 2567 1134 2620 81
1159 2584 1223 2621 8888
1241 2567 1330 2620 minus
1346 2569 1429 2636 grato
1447 2583 1499 2621 ver·

322 2634 417 2687 borum
444 2634 529 2688 814888
547 2635 658 2688 Menum
676 2636 777 2690 mederi
806 2636 929 2690 voluerit.
965 2635 1062 2704 Bergk.
1115 2633 1141 2688 d.
1164 2634 1307 2690 18881181.
1336 2638 1407 2688 aest.
1429 2638 1500 2688 1868.

322 2717 348 2769 p.
359 2700 433 2754 VIII.
454 2699 562 2754 coniicit
579 2702 740 2771 Ssupicierra
756 2702 874 2770 altam,
894 2702 1002 2756 Lunam
1018 2702 1059 2756 sic
1073 2720 1098 2756 8.
1112 2721 1171 2772 pr..
1190 2718 1301 2772 eamque
1319 2703 1497 2756 coniecturam

322 2768 423 2836 recepit
439 2767 565 2822 Ribbeck.
598 2772 627 2822 et
666 2771 744 2823 robat
761 2769 869 2824 Ladew.
888 2770 956 2823 181
994 2769 1055 2823 881.
1095 2771 1498 2839 111,-8188888888-

322 2842 426 2889 eatur.
461 2833 575 2889 Plurimi
603 2785 701 2917 0811..
716 2838 852 2907 (interque
881 2854 927 2893 888
973 2836 1031 2918 81,
1060 2787 1128 2903 111,,
1158 2836 1242 2904 Rom,
1266 2837 1292 2891 fr
1329 2854 1366 2896 m.
1395 2837 1499 2919 Veron,

322 2901 401 2970 (lud,
422 2903 500 2956 Bern.
522 2902 626 2958 11.111.
664 2905 815 2975 1118888888.
845 2921 905 2959 cum
933 2904 1017 2959 Prisc.
1037 2906 1109 2970 XVI,
1128 2909 1153 2960 2.
1173 2909 1213 2959 16.
1236 2923 1261 2975 p.
1284 2910 1355 2960 1634.
1380 2908 1500 2960 auterre

322 2969 427 3025 811888
443 2970 480 3024 Co
499 2970 574 3024 ulam
592 2977 631 3034 et,
655 2988 735 3042 quam
757 2973 859 3042 recepit
875 2973 979 3041 Wagu,
1006 2973 1190 3043 (88888881188
1212 2989 1273 3028 eum
1293 2972 1402 3041 Stpflio,
1422 2973 1500 3028 (1888-

323 3038 397 3093 rasio
416 3041 446 3091 et
467 2988 652 3119 (ihuingtonm
670 3039 717 3094 sed
729 3040 818 3120 ¹donec
829 3040 885 3121 'Vir
902 3040 973 3094 1888.
991 3040 1050 3094 aliis
1063 3041 1195 3121 exemplis
1209 3045 1291 3110 atque
1303 3042 1370 3094 Aen.
1383 3040 1432 3104 VI,
1445 3045 1499 3095 541.

322 3106 368 3175 (ad
388 3122 466 3177 quem
485 3107 573 3161 locum
590 3123 619 3159 m
636 3110 774 3162 recentiss.
794 3107 860 3162 edit.
880 3111 1020 3179 provocat,
1046 3124 1140 3162 88888
1160 3112 1247 3164 888888
1267 3108 1305 3175 X,
1323 3110 1381 3163 877.
1404 3108 1500 3163 811888

321 3177 441 3243 poterat)
478 3174 621 3239 robaverit,
643 3175 776 3230 Romanos
798 3177 882 3230 etiam
903 3177 932 3230 in
949 3176 998 3229 hoc
1017 3192 1069 3229 888
1085 3125 1226 3246 1888181811
1244 3192 1305 3230 cum
1322 3176 1405 3230 verbo
1424 3176 1499 3230 finito

320 3258 369 3362 pler
386 3242 462 3310 Copu
490 3259 518 3295 m
536 3243 664 3313 iungendi
681 3259 742 3298 cum
760 3244 869 3299 Graecis
887 3244 1055 3313 conspirasse
1082 3249 1146 3312 (qua
1171 3244 1204 3297 de
1232 3259 1261 3298 re
1284 3243 1399 3298 conferri
1427 3243 1499 3298 iubet

348 3326 412 3363 erm.
431 3309 466 3362 ad
484 3310 573 3379 Viget.
592 3327 620 3379 p.
640 3314 697 3365 770.
716 3314 744 3365 et
762 3312 881 3382 Poppon.
900 3312 979 3367 0188.
999 3312 1072 3365 eritt.
1090 3311 1119 3363 in
1131 3311 1213 3366 1188.
1250 3314 1349 3377 .211.),
1370 3310 1404 3364 18
1421 3310 1499 3365 huius

321 3375 444 3429 lectionis
454 3378 568 3431 veritate
577 3376 701 3431 dubitare
712 3378 813 3443 licebit,
827 3328 1280 3448 88881818188818888808881188
1292 3378 1375 3442 88111,
1385 3377 1499 3448 1868881

321 3442 459 3522 18888118
472 3444 520 3521 XI,
534 3448 592 3497 184.
619 3444 698 3498 facile
715 3446 767 3499 hue
784 3445 878 3499 inferri
909 3446 1010 3499 otuisse
1039 3462 1119 3525 quam
1137 3447 1322 3500 tamenetiam
1334 3444 1499 3501 Naelriussd

322 3509 501 3564 88888888.
535 3514 586 3565 ‚so
605 3462 1127 3576 8888888881,88188888.
1146 3514 1189 3580 (In
1202 3513 1384 3578 18881888.
1397 3514 1432 3582 n
1444 3517 1499 3567 su.

320 3577 392 3631 Stat.
407 3576 490 3631 Theb.
531 3618 538 3645 ,
552 3582 607 3632 188.
622 3580 674 3643 111,
685 3582 742 3633 496.
755 3580 816 3643 XII,
830 3583 887 3633 77³.
901 3583 929 3634 88
940 3581 1072 3636 similibus
1085 3580 1120 3635 ad
1129 3582 1213 3649 farm,
1225 3584 1336 3651 effatus,
1354 3582 1499 3648 ister-fctus

321 3643 538 3698 subaudiendum
555 3661 613 3698 esse
631 3646 749 3700 Verbum
766 3653 812 3707 eet,
833 3647 917 3726 etiam
934 3648 1039 3703 Ladew.
1059 3648 1093 3702 81
1113 3648 1139 3702 h.
1157 3648 1175 3704 l.
1195 3648 1354 3728 contendit.)
1372 3648 1498 3729 Wagneri

321 3713 810 3860 tittttttttrttttttt
826 3714 945 3850 titt
962 3717 1499 3838 11111118111118..11111

321 3863 411 3901 venire
428 3850 511 3901 888888
529 3849 670 3902 turbatam
687 3851 844 3917 orationem,
864 3851 954 3905 omnia
971 3854 1043 3905 recte
1061 3851 1190 3905 refutarit
1202 3851 1321 3914 Peerlk,
1340 3852 1499 3920 qui,·nobis·

322 3931 382 3970 cum
400 3915 510 3982 1881888,
528 3916 594 3971 baec
612 3915 739 3971 adnotat:
759 3918 872 3983 „Oratio
890 3935 944 3972 non
962 3935 1020 3973 esse
1038 3919 1119 3973 debet
1136 3920 1262 3982 turbata,
1282 3919 1346 3989 quia
1364 3920 1499 3989 Vergilius

321 3983 1497 4124 81111181111111..11188181111118111181,

600 4091 607 4115 r
1044 4099 1049 4107 ·
1190 4092 1199 4118 r

321 4120 427 4173 mutere
445 4120 528 4174 81818
546 4137 623 4189 prom
642 4122 673 4174 tu
691 4122 762 4175 erat:
780 4122 870 4191 Atque
886 4123 973 4176 altam
989 4122 1146 4192 adspiciens
1163 4125 1277 4190 Lunam,
1294 4123 1336 4175 eie
1353 4140 1420 4177 8888
1431 4139 1497 4193 pre-

323 4193 418 4253 mitur,-
447 4203 498 4266 888
515 4188 619 4267 omnis⁸
642 4187 770 4268 ’1881888
793 4191 865 4243 esset
889 4189 1025 4243 sublata.“
1060 4189 1153 4259 Neque
1177 4189 1263 4258 magis
1285 4189 1427 4258 probabile
1450 4192 1498 4255 est,

323 4251 394 4321 quod
412 4254 529 4331 Stipflrus
547 4259 708 4324 suspicatur,
726 4258 789 4319 tna,
808 4271 877 4326 quae
889 4257 1058 4321 antecedant,
1078 4257 1224 4327 Participia
1241 4261 1349 4326 poetsm
1364 4257 1499 4327 decepisse

322 4324 359 4383 et,
378 4322 411 4372 88
428 4336 516 4374 minus
534 4325 658 4377 accurate
676 4323 813 4385 scriberet,
831 4323 975 4379 induxisse.
1010 4324 1080 4393 Alii,
1098 4328 1130 4380 ut
1146 4324 1278 4393 Copulam
1296 4326 1447 4392 tuerentur,
1465 4322 1498 4378 sd

322 4386 488 4466 coniecturas
506 4389 692 4458 confugerunt.
728 4390 764 4444 Et
783 4391 878 4458 Wagn.
897 4392 1005 4461 quidem
1027 4393 1084 4462 ipse
1107 4392 1135 4445 in
1154 4392 1224 4445 Phil.
1243 4392 1335 4472 Suppl.
1354 4393 1376 4446 1.
1395 4409 1421 4461 p.
1440 4396 1497 4446 855.

321 4458 449 4525 proponit
467 4462 632 4525 1888888888,
650 4456 777 4514 Ribbeck.
797 4473 860 4512 vero
877 4458 1035 4529 simpliciter
1053 4467 1162 4529 torquet
1179 4459 1242 4528 (nisi
1261 4459 1378 4513 d1ssecto
1397 4477 1423 4515 v.
1441 4464 1497 4515 463.

321 4529 384 4592 post
401 4524 510 4576 Lmram
532 4522 585 4577 188
607 4524 778 4580 hemistichia
806 4542 868 4581 cum
885 4527 974 4582 Verbo
1005 4527 1079 4580 linito
1099 4527 1255 4581 additurum
1283 4527 1368 4581 fuisse
1412 4531 1497 4582 oetam

322 4593 475 4645 8888888888
504 4607 666 4661 quamquam
686 4592 795 4648 difficile
824 4594 861 4648 sit
878 4593 967 4658 11888,
999 4594 1063 4663 8811
1081 4593 1179 4650 811888
1197 4595 1329 4665 potuerit)
1346 4597 1375 4650 et
1429 4595 1496 4649 ilms.

321 4659 348 4711 in
366 4659 461 4729 Progr.
477 4631 574 4713 lluisb.
593 4675 616 4714 8.
636 4662 709 4715 1865,
729 4677 755 4729 p.
777 4665 816 4715 13.
835 4662 963 4730 Particip.
986 4670 1130 4732 88888888,
1157 4665 1190 4717 88
1217 4662 1435 4717 subaudiendum
1462 4662 1498 4717 818

255 4729 268 4742 ’
322 4727 417 4796 inqua,
437 4727 662 4797 quemadmodum
681 4726 729 4791 IX,
750 4732 807 4782 623.
828 4731 857 4783 88
873 4729 907 4798 X,
927 4732 994 4796 736,
1012 4729 1057 4797 881
1075 4734 1165 4785 tamen
1183 4730 1235 4784 loci
1252 4730 1333 4799 paulo
1345 4731 1417 4785 81188
1435 4731 1497 4784 suut

321 4796 435 4863 generis.
470 4795 623 4866 Conington
645 4797 726 4917 putat
744 4795 894 4865 Vergilium
911 4796 1049 4866 scripsisse
1146 4798 1258 4854 ,ultam
1274 4800 1316 4851 cd
1332 4798 1498 4853 1888888888

322 4880 345 4915 8.
355 4880 411 4932 88,,
428 4863 556 4918 excidisse
571 4880 631 4918 vero
668 4878 698 4916 ra
749 4864 872 4919 sitionem
891 4864 1032 4933 88088818
1049 4881 1099 4933 sup
1130 4869 1201 4920 etam
1220 4881 1284 4920 esse.
1320 4865 1447 4921 Ceterum
1465 4864 1497 4917 de

322 4942 364 4980 vv.
385 4947 450 4984 voce
531 4932 578 4986 ari
587 4931 641 4986 vid.
659 4879 824 4997 81911680.
843 4931 912 4985 bled.
933 4932 959 4984 iu
973 4948 1032 4985 mar
1047 4977 1056 5012 ι.
1076 4932 1160 4987 babet
1170 4938 1252 5003 sorte
1266 4942 1407 5004 precatur,
1426 4930 1495 4987 haud

322 4994 402 5051 18118
419 5014 450 5051 88
492 5001 515 5063 Ι,
535 5004 602 5064 188,
621 5001 701 5067 88888
721 4998 790 5053 (181.
809 5015 825 5052 8
843 5016 879 5052 m.
900 5016 951 5053 sec.
971 5003 999 5052 et
1055 5016 1166 5069 noraug.
1185 5001 1310 5056 exhibent
1336 5019 1384 5054 ore
1399 5018 1497 5070 preec-
