<?xml version="1.0" encoding="UTF-8"?>
<!DOCTYPE html PUBLIC "-//W3C//DTD XHTML 1.0 Transitional//EN"
    "http://www.w3.org/TR/xhtml1/DTD/xhtml1-transitional.dtd">
<html xmlns="http://www.w3.org/1999/xhtml" xml:lang="en" lang="en">
 <head>
  <title>
</title>
<meta http-equiv="Content-Type" content="text/html;charset=utf-8" />
  <meta name='ocr-system' content='tesseract 3.04.00' />
  <meta name='ocr-capabilities' content='ocr_page ocr_carea ocr_par ocr_line ocrx_word'/>
</head>
<body>
  <div class='ocr_page' id='page_1' title='image "./opera00virggoog_0029.png"; bbox 0 0 3359 5725; ppageno 0'>
   <div class='ocr_carea' id='block_1_1' title="bbox 324 595 1361 670">
    <p class='ocr_par' dir='ltr' id='par_1_1' title="bbox 324 595 1361 670">
     <span class='ocr_line' id='line_1_1' title="bbox 324 595 1361 670; baseline -0.009 -1"><span class='ocrx_word' id='word_1_1' title='bbox 324 622 409 669; x_wconf 86' lang='lat' dir='ltr'><strong>xxrv</strong></span> <span class='ocrx_word' id='word_1_2' title='bbox 457 602 568 670; x_wconf 86' lang='lat' dir='ltr'><strong>DISS.</strong></span> <span class='ocrx_word' id='word_1_3' title='bbox 593 603 655 668; x_wconf 86' lang='lat' dir='ltr'><strong>DE</strong></span> <span class='ocrx_word' id='word_1_4' title='bbox 676 603 712 669; x_wconf 87' lang='lat' dir='ltr'><strong>P.</strong></span> <span class='ocrx_word' id='word_1_5' title='bbox 735 601 868 669; x_wconf 84' lang='lat' dir='ltr'><strong>VERG.</strong></span> <span class='ocrx_word' id='word_1_6' title='bbox 890 599 994 665; x_wconf 85' lang='lat' dir='ltr'><strong>MAR.</strong></span> <span class='ocrx_word' id='word_1_7' title='bbox 1016 597 1125 663; x_wconf 84' lang='lat' dir='ltr'><strong>VITA</strong></span> <span class='ocrx_word' id='word_1_8' title='bbox 1146 598 1206 662; x_wconf 85' lang='lat' dir='ltr'><strong>ET</strong></span> <span class='ocrx_word' id='word_1_9' title='bbox 1229 595 1361 663; x_wconf 81' lang='lat' dir='ltr'><strong>CARM.</strong></span> 
     </span>
    </p>
   </div>
   <div class='ocr_carea' id='block_1_2' title="bbox 323 763 1494 1105">
    <p class='ocr_par' dir='ltr' id='par_1_2' title="bbox 323 763 1494 1105">
     <span class='ocr_line' id='line_1_2' title="bbox 323 763 1493 857; baseline -0.006 -22"><span class='ocrx_word' id='word_1_10' title='bbox 323 770 399 835; x_wconf 87' lang='lat' dir='ltr'><strong>huic</strong></span> <span class='ocrx_word' id='word_1_11' title='bbox 420 771 557 834; x_wconf 83' lang='lat' dir='ltr'><strong>carmini</strong></span> <span class='ocrx_word' id='word_1_12' title='bbox 581 780 694 857; x_wconf 88' lang='lat' dir='ltr'><strong>postea</strong></span> <span class='ocrx_word' id='word_1_13' title='bbox 715 769 824 834; x_wconf 90' lang='lat' dir='ltr'><strong>multis</strong></span> <span class='ocrx_word' id='word_1_14' title='bbox 845 771 879 833; x_wconf 93' lang='lat' dir='ltr'><strong>in</strong></span> <span class='ocrx_word' id='word_1_15' title='bbox 896 768 976 833; x_wconf 87' lang='lat' dir='ltr'><strong>locis</strong></span> <span class='ocrx_word' id='word_1_16' title='bbox 995 766 1170 844; x_wconf 77' lang='lat' dir='ltr'><strong>mutato⁴⁸)</strong></span> <span class='ocrx_word' id='word_1_17' title='bbox 1193 763 1338 830; x_wconf 82' lang='lat' dir='ltr'><strong>ultimam</strong></span> <span class='ocrx_word' id='word_1_18' title='bbox 1363 786 1493 829; x_wconf 91' lang='lat' dir='ltr'><strong>manum</strong></span> 
     </span>
     <span class='ocr_line' id='line_1_3' title="bbox 325 848 1494 953; baseline -0.005 -37"><span class='ocrx_word' id='word_1_19' title='bbox 325 852 452 917; x_wconf 89' lang='lat' dir='ltr'><strong>demum</strong></span> <span class='ocrx_word' id='word_1_20' title='bbox 488 852 587 953; x_wconf 90' lang='lat' dir='ltr'><strong>paulo</strong></span> <span class='ocrx_word' id='word_1_21' title='bbox 623 862 699 918; x_wconf 90' lang='lat' dir='ltr'><strong>ante</strong></span> <span class='ocrx_word' id='word_1_22' title='bbox 731 863 866 918; x_wconf 86' lang='lat' dir='ltr'><strong>mortem</strong></span> <span class='ocrx_word' id='word_1_23' title='bbox 888 860 1006 938; x_wconf 90' lang='lat' dir='ltr'><strong>poetae</strong></span> <span class='ocrx_word' id='word_1_24' title='bbox 1041 852 1082 926; x_wconf 85' lang='lat' dir='ltr'><strong>(a.</strong></span> <span class='ocrx_word' id='word_1_25' title='bbox 1104 855 1188 928; x_wconf 84' lang='grc'><strong>735.)</strong></span> <span class='ocrx_word' id='word_1_26' title='bbox 1208 870 1280 913; x_wconf 86' lang='grc'><strong>0000</strong></span> <span class='ocrx_word' id='word_1_27' title='bbox 1300 848 1494 933; x_wconf 83' lang='lat' dir='ltr'><strong>impositam.</strong></span> 
     </span>
     <span class='ocr_line' id='line_1_4' title="bbox 323 934 1494 1021; baseline -0.008 -22"><span class='ocrx_word' id='word_1_28' title='bbox 323 934 421 1000; x_wconf 90' lang='lat' dir='ltr'><strong>Nulla</strong></span> <span class='ocrx_word' id='word_1_29' title='bbox 450 958 536 1001; x_wconf 92' lang='lat' dir='ltr'><strong>emm</strong></span> <span class='ocrx_word' id='word_1_30' title='bbox 562 937 596 1000; x_wconf 93' lang='lat' dir='ltr'><strong>in</strong></span> <span class='ocrx_word' id='word_1_31' title='bbox 618 959 654 1001; x_wconf 93' lang='lat' dir='ltr'><strong>eo</strong></span> <span class='ocrx_word' id='word_1_32' title='bbox 675 959 728 1001; x_wconf 90' lang='lat' dir='ltr'><strong>res</strong></span> <span class='ocrx_word' id='word_1_33' title='bbox 748 945 842 1021; x_wconf 87' lang='lat' dir='ltr'><strong>gesta</strong></span> <span class='ocrx_word' id='word_1_34' title='bbox 863 941 1131 1001; x_wconf 80' lang='lat' dir='ltr'><strong>commemoratur</strong></span> <span class='ocrx_word' id='word_1_35' title='bbox 1180 953 1263 1019; x_wconf 88' lang='lat' dir='ltr'><strong>quae</strong></span> <span class='ocrx_word' id='word_1_36' title='bbox 1285 953 1404 995; x_wconf 91' lang='lat' dir='ltr'><strong>annum</strong></span> <span class='ocrx_word' id='word_1_37' title='bbox 1428 935 1494 996; x_wconf 79' lang='lat'><strong>724.</strong></span> 
     </span>
     <span class='ocr_line' id='line_1_5' title="bbox 325 1015 1494 1105; baseline -0.005 -23"><span class='ocrx_word' id='word_1_38' title='bbox 325 1020 562 1099; x_wconf 80' lang='lat' dir='ltr'><strong>excesserit⁴⁹).</strong></span> <span class='ocrx_word' id='word_1_39' title='bbox 612 1018 752 1105; x_wconf 82' lang='lat' dir='ltr'><strong>Scripsit</strong></span> <span class='ocrx_word' id='word_1_40' title='bbox 788 1027 896 1084; x_wconf 89' lang='lat' dir='ltr'><strong>autem</strong></span> <span class='ocrx_word' id='word_1_41' title='bbox 924 1015 1090 1102; x_wconf 86' lang='lat' dir='ltr'><strong>Vergilius</strong></span> <span class='ocrx_word' id='word_1_42' title='bbox 1153 1016 1284 1103; x_wconf 88' lang='lat' dir='ltr'><strong>eorgica</strong></span> <span class='ocrx_word' id='word_1_43' title='bbox 1318 1015 1494 1078; x_wconf 85' lang='lat' dir='ltr'><strong>maximam</strong></span> 
     </span>
    </p>
   </div>
   <div class='ocr_carea' id='block_1_3' title="bbox 325 1205 533 1215">
    <p class='ocr_par' dir='ltr' id='par_1_3' title="bbox 325 1205 533 1215">
     <span class='ocr_line' id='line_1_6' title="bbox 325 1205 533 1215; baseline -0.01 0"><span class='ocrx_word' id='word_1_44' title='bbox 325 1205 533 1215; x_wconf 81' lang='lat'><strong>.—-—-——-</strong></span> 
     </span>
    </p>
   </div>
   <div class='ocr_carea' id='block_1_4' title="bbox 325 1313 1497 1450">
    <p class='ocr_par' dir='ltr' id='par_1_4' title="bbox 325 1313 1497 1450">
     <span class='ocr_line' id='line_1_7' title="bbox 325 1313 1497 1435; baseline -0.003 -62"><span class='ocrx_word' id='word_1_45' title='bbox 325 1321 385 1399; x_wconf 78' lang='lat' dir='ltr'><strong>stus</strong></span> <span class='ocrx_word' id='word_1_46' title='bbox 406 1317 520 1372; x_wconf 87' lang='lat' dir='ltr'><strong>victoria</strong></span> <span class='ocrx_word' id='word_1_47' title='bbox 540 1316 651 1397; x_wconf 72' lang='grc'><strong>1011000</strong></span> <span class='ocrx_word' id='word_1_48' title='bbox 673 1317 811 1397; x_wconf 78' lang='lat' dir='ltr'><strong>reportata</strong></span> <span class='ocrx_word' id='word_1_49' title='bbox 833 1316 861 1370; x_wconf 89' lang='lat' dir='ltr'><strong>et</strong></span> <span class='ocrx_word' id='word_1_50' title='bbox 883 1317 1006 1435; x_wconf 77' lang='lat' dir='ltr'><strong>Aegypto</strong></span> <span class='ocrx_word' id='word_1_51' title='bbox 1032 1316 1163 1382; x_wconf 85' lang='lat' dir='ltr'><strong>occupata</strong></span> <span class='ocrx_word' id='word_1_52' title='bbox 1184 1313 1212 1366; x_wconf 92' lang='lat' dir='ltr'><strong>in</strong></span> <span class='ocrx_word' id='word_1_53' title='bbox 1229 1313 1497 1395; x_wconf 29' lang='lat' dir='ltr'><strong>Syriancomrrmrans</strong></span> 
     </span>
     <span class='ocr_line' id='line_1_8' title="bbox 325 1381 1497 1450; baseline -0.003 -10"><span class='ocrx_word' id='word_1_54' title='bbox 325 1389 407 1441; x_wconf 78' lang='lat' dir='ltr'><strong>etiam</strong></span> <span class='ocrx_word' id='word_1_55' title='bbox 425 1401 468 1439; x_wconf 89' lang='lat' dir='ltr'><strong>res</strong></span> <span class='ocrx_word' id='word_1_56' title='bbox 485 1384 626 1438; x_wconf 90' lang='lat' dir='ltr'><strong>Parthmas</strong></span> <span class='ocrx_word' id='word_1_57' title='bbox 643 1384 785 1439; x_wconf 80' lang='lat' dir='ltr'><strong>ordinavit.</strong></span> <span class='ocrx_word' id='word_1_58' title='bbox 817 1382 867 1450; x_wconf 83' lang='lat' dir='ltr'><strong>(Cf.</strong></span> <span class='ocrx_word' id='word_1_59' title='bbox 886 1383 937 1437; x_wconf 89' lang='lat' dir='ltr'><strong>Dm</strong></span> <span class='ocrx_word' id='word_1_60' title='bbox 971 1384 1030 1436; x_wconf 80' lang='lat' dir='ltr'><strong>&#39;ass</strong></span> <span class='ocrx_word' id='word_1_61' title='bbox 1050 1382 1096 1449; x_wconf 84' lang='lat' dir='ltr'><strong>LI,</strong></span> <span class='ocrx_word' id='word_1_62' title='bbox 1118 1385 1156 1436; x_wconf 84' lang='lat'><strong>18.</strong></span> <span class='ocrx_word' id='word_1_63' title='bbox 1176 1381 1292 1436; x_wconf 79' lang='lat' dir='ltr'><strong>Messon.</strong></span> <span class='ocrx_word' id='word_1_64' title='bbox 1313 1382 1409 1436; x_wconf 88' lang='lat' dir='ltr'><strong>mIam</strong></span> <span class='ocrx_word' id='word_1_65' title='bbox 1429 1387 1497 1437; x_wconf 90' lang='lat' dir='ltr'><strong>tem·</strong></span> 
     </span>
    </p>
   </div>
   <div class='ocr_carea' id='block_1_5' title="bbox 325 1448 1496 1638">
    <p class='ocr_par' dir='ltr' id='par_1_5' title="bbox 325 1448 1496 1638">
     <span class='ocr_line' id='line_1_9' title="bbox 327 1448 1495 1532; baseline -0.003 -25"><span class='ocrx_word' id='word_1_66' title='bbox 327 1454 373 1524; x_wconf 90' lang='lat' dir='ltr'><strong>plo</strong></span> <span class='ocrx_word' id='word_1_67' title='bbox 403 1455 644 1522; x_wconf 62' lang='lat' dir='ltr'><strong>rescatentes.</strong></span> <span class='ocrx_word' id='word_1_68' title='bbox 674 1450 751 1532; x_wconf 80' lang='lat' dir='ltr'><strong>lehn.</strong></span> <span class='ocrx_word' id='word_1_69' title='bbox 773 1450 876 1505; x_wconf 88' lang='lat' dir='ltr'><strong>Introd.</strong></span> <span class='ocrx_word' id='word_1_70' title='bbox 897 1467 922 1520; x_wconf 89' lang='lat' dir='ltr'><strong>p.</strong></span> <span class='ocrx_word' id='word_1_71' title='bbox 940 1449 1062 1506; x_wconf 85' lang='lat' dir='ltr'>XXXIV.</span> <span class='ocrx_word' id='word_1_72' title='bbox 1093 1451 1216 1529; x_wconf 67' lang='lat' dir='ltr'><strong>etquae</strong></span> <span class='ocrx_word' id='word_1_73' title='bbox 1248 1449 1282 1503; x_wconf 87' lang='lat' dir='ltr'><strong>ad</strong></span> <span class='ocrx_word' id='word_1_74' title='bbox 1301 1448 1364 1504; x_wconf 90' lang='lat' dir='ltr'><strong>Geo.</strong></span> <span class='ocrx_word' id='word_1_75' title='bbox 1383 1450 1420 1518; x_wconf 88' lang='lat'><strong>11,</strong></span> <span class='ocrx_word' id='word_1_76' title='bbox 1441 1455 1495 1505; x_wconf 83' lang='grc'><strong>171.</strong></span> 
     </span>
     <span class='ocr_line' id='line_1_10' title="bbox 325 1516 1496 1638; baseline -0.004 -63"><span class='ocrx_word' id='word_1_77' title='bbox 325 1522 458 1576; x_wconf 87' lang='lat' dir='ltr'><strong>adnotata</strong></span> <span class='ocrx_word' id='word_1_78' title='bbox 479 1522 563 1586; x_wconf 84' lang='lat' dir='ltr'><strong>suut)</strong></span> <span class='ocrx_word' id='word_1_79' title='bbox 598 1520 671 1587; x_wconf 81' lang='lat' dir='ltr'><strong>Quae</strong></span> <span class='ocrx_word' id='word_1_80' title='bbox 696 1521 778 1573; x_wconf 78' lang='lat' dir='ltr'><strong>etiam</strong></span> <span class='ocrx_word' id='word_1_81' title='bbox 796 1520 948 1598; x_wconf 81' lang='lat' dir='ltr'><strong>congruunt</strong></span> <span class='ocrx_word' id='word_1_82' title='bbox 964 1534 1025 1572; x_wconf 90' lang='lat' dir='ltr'><strong>cnm</strong></span> <span class='ocrx_word' id='word_1_83' title='bbox 1042 1517 1143 1572; x_wconf 81' lang='lat' dir='ltr'><strong>Donati</strong></span> <span class='ocrx_word' id='word_1_84' title='bbox 1160 1516 1251 1584; x_wconf 79' lang='lat' dir='ltr'><strong>(Vitae</strong></span> <span class='ocrx_word' id='word_1_85' title='bbox 1268 1522 1290 1581; x_wconf 66' lang='grc' dir='ltr'><strong>ξ.</strong></span> <span class='ocrx_word' id='word_1_86' title='bbox 1309 1520 1350 1572; x_wconf 79' lang='grc'><strong>12.</strong></span> <span class='ocrx_word' id='word_1_87' title='bbox 1370 1534 1391 1573; x_wconf 92' lang='lat' dir='ltr'><strong>s.</strong></span> <span class='ocrx_word' id='word_1_88' title='bbox 1410 1535 1437 1638; x_wconf 80' lang='lat' dir='ltr'><strong>p.</strong></span> <span class='ocrx_word' id='word_1_89' title='bbox 1456 1521 1496 1584; x_wconf 87' lang='grc'><strong>61,</strong></span> 
     </span>
    </p>
   </div>
   <div class='ocr_carea' id='block_1_6' title="bbox 301 1584 1509 5106">
    <p class='ocr_par' dir='ltr' id='par_1_6' title="bbox 325 1584 1508 4565">
     <span class='ocr_line' id='line_1_11' title="bbox 328 1584 1496 1655; baseline -0.002 -13"><span class='ocrx_word' id='word_1_90' title='bbox 328 1594 351 1645; x_wconf 93' lang='grc'><strong>1.</strong></span> <span class='ocrx_word' id='word_1_91' title='bbox 378 1589 423 1644; x_wconf 81' lang='grc' dir='ltr'><strong>Β.)</strong></span> <span class='ocrx_word' id='word_1_92' title='bbox 451 1587 615 1648; x_wconf 88' lang='lat' dir='ltr'><strong>narratione,</strong></span> <span class='ocrx_word' id='word_1_93' title='bbox 647 1586 794 1655; x_wconf 79' lang='lat' dir='ltr'><strong>Vergilium</strong></span> <span class='ocrx_word' id='word_1_94' title='bbox 825 1585 934 1640; x_wconf 78' lang='lat' dir='ltr'><strong>Caesari</strong></span> <span class='ocrx_word' id='word_1_95' title='bbox 964 1587 1027 1655; x_wconf 89' lang='lat' dir='ltr'><strong>post</strong></span> <span class='ocrx_word' id='word_1_96' title='bbox 1051 1584 1191 1639; x_wconf 79' lang='lat' dir='ltr'><strong>Actiacam</strong></span> <span class='ocrx_word' id='word_1_97' title='bbox 1224 1584 1363 1638; x_wconf 87' lang='lat' dir='ltr'><strong>victoriam</strong></span> <span class='ocrx_word' id='word_1_98' title='bbox 1389 1585 1496 1640; x_wconf 81' lang='lat' dir='ltr'><strong>Aellac</strong></span> 
     </span>
     <span class='ocr_line' id='line_1_12' title="bbox 325 1651 1497 1731; baseline -0.003 -21"><span class='ocrx_word' id='word_1_99' title='bbox 325 1655 530 1710; x_wconf 86' lang='lat' dir='ltr'><strong>reficiendarum</strong></span> <span class='ocrx_word' id='word_1_100' title='bbox 548 1654 667 1708; x_wconf 84' lang='lat' dir='ltr'><strong>leucium</strong></span> <span class='ocrx_word' id='word_1_101' title='bbox 686 1669 768 1708; x_wconf 86' lang='lat' dir='ltr'><strong>causa</strong></span> <span class='ocrx_word' id='word_1_102' title='bbox 790 1653 967 1707; x_wconf 85' lang='lat' dir='ltr'><strong>commoranti</strong></span> <span class='ocrx_word' id='word_1_103' title='bbox 990 1669 1038 1722; x_wconf 91' lang='lat' dir='ltr'><strong>per</strong></span> <span class='ocrx_word' id='word_1_104' title='bbox 1067 1652 1223 1707; x_wconf 89' lang='lat' dir='ltr'><strong>continuum</strong></span> <span class='ocrx_word' id='word_1_105' title='bbox 1251 1651 1426 1731; x_wconf 76' lang='lat' dir='ltr'><strong>quatriduum</strong></span> <span class='ocrx_word' id='word_1_106' title='bbox 1447 1652 1497 1707; x_wconf 87' lang='lat' dir='ltr'><strong>Ge·</strong></span> 
     </span>
     <span class='ocr_line' id='line_1_13' title="bbox 326 1718 1496 1798; baseline -0.003 -22"><span class='ocrx_word' id='word_1_107' title='bbox 326 1723 417 1792; x_wconf 88' lang='lat' dir='ltr'><strong>orgica</strong></span> <span class='ocrx_word' id='word_1_108' title='bbox 443 1723 580 1777; x_wconf 87' lang='lat' dir='ltr'><strong>recitasse.</strong></span> <span class='ocrx_word' id='word_1_109' title='bbox 615 1720 657 1776; x_wconf 82' lang='lat' dir='ltr'><strong>Cf.</strong></span> <span class='ocrx_word' id='word_1_110' title='bbox 686 1721 768 1776; x_wconf 89' lang='lat' dir='ltr'><strong>etiam</strong></span> <span class='ocrx_word' id='word_1_111' title='bbox 796 1720 936 1775; x_wconf 83' lang='lat' dir='ltr'><strong>Ribbeckii</strong></span> <span class='ocrx_word' id='word_1_112' title='bbox 964 1718 1071 1788; x_wconf 89' lang='lat' dir='ltr'><strong>Prolcg.</strong></span> <span class='ocrx_word' id='word_1_113' title='bbox 1093 1736 1122 1798; x_wconf 89' lang='lat' dir='ltr'><strong>p.</strong></span> <span class='ocrx_word' id='word_1_114' title='bbox 1143 1724 1182 1776; x_wconf 81' lang='grc'><strong>14.</strong></span> <span class='ocrx_word' id='word_1_115' title='bbox 1217 1718 1280 1773; x_wconf 80' lang='lat' dir='ltr'><strong>Alia</strong></span> <span class='ocrx_word' id='word_1_116' title='bbox 1310 1721 1353 1774; x_wconf 86' lang='lat' dir='ltr'><strong>est</strong></span> <span class='ocrx_word' id='word_1_117' title='bbox 1371 1720 1496 1789; x_wconf 85' lang='lat' dir='ltr'><strong>Wagneri</strong></span> 
     </span>
     <span class='ocr_line' id='line_1_14' title="bbox 326 1786 1496 1858; baseline -0.004 -13"><span class='ocrx_word' id='word_1_118' title='bbox 326 1791 473 1854; x_wconf 83' lang='lat' dir='ltr'><strong>sententia,</strong></span> <span class='ocrx_word' id='word_1_119' title='bbox 503 1790 548 1858; x_wconf 88' lang='lat' dir='ltr'><strong>qni</strong></span> <span class='ocrx_word' id='word_1_120' title='bbox 578 1789 606 1842; x_wconf 91' lang='lat' dir='ltr'><strong>in</strong></span> <span class='ocrx_word' id='word_1_121' title='bbox 634 1789 726 1843; x_wconf 91' lang='lat' dir='ltr'><strong>adnot.</strong></span> <span class='ocrx_word' id='word_1_122' title='bbox 750 1787 856 1857; x_wconf 86' lang='lat' dir='ltr'><strong>epilogo</strong></span> <span class='ocrx_word' id='word_1_123' title='bbox 879 1786 1030 1856; x_wconf 77' lang='lat' dir='ltr'><strong>Georgicon</strong></span> <span class='ocrx_word' id='word_1_124' title='bbox 1056 1786 1162 1841; x_wconf 79' lang='lat' dir='ltr'><strong>adiecta</strong></span> <span class='ocrx_word' id='word_1_125' title='bbox 1186 1786 1369 1842; x_wconf 88' lang='lat' dir='ltr'><strong>demonstrare</strong></span> <span class='ocrx_word' id='word_1_126' title='bbox 1395 1786 1496 1852; x_wconf 90' lang='lat' dir='ltr'><strong>studet,</strong></span> 
     </span>
     <span class='ocr_line' id='line_1_15' title="bbox 326 1854 1499 1925; baseline -0.003 -12"><span class='ocrx_word' id='word_1_127' title='bbox 326 1860 400 1913; x_wconf 91' lang='lat' dir='ltr'><strong>intra</strong></span> <span class='ocrx_word' id='word_1_128' title='bbox 422 1875 506 1912; x_wconf 90' lang='lat' dir='ltr'><strong>annos</strong></span> <span class='ocrx_word' id='word_1_129' title='bbox 530 1860 680 1910; x_wconf 71' lang='lat'><strong>723-725.</strong></span> <span class='ocrx_word' id='word_1_130' title='bbox 703 1858 794 1910; x_wconf 90' lang='lat' dir='ltr'><strong>totum</strong></span> <span class='ocrx_word' id='word_1_131' title='bbox 818 1871 885 1924; x_wconf 88' lang='lat' dir='ltr'><strong>opus</strong></span> <span class='ocrx_word' id='word_1_132' title='bbox 907 1855 1062 1909; x_wconf 88' lang='lat' dir='ltr'><strong>absolutum</strong></span> <span class='ocrx_word' id='word_1_133' title='bbox 1086 1870 1152 1910; x_wconf 89' lang='lat' dir='ltr'><strong>esse.</strong></span> <span class='ocrx_word' id='word_1_134' title='bbox 1187 1854 1240 1909; x_wconf 83' lang='lat' dir='ltr'><strong>Sed</strong></span> <span class='ocrx_word' id='word_1_135' title='bbox 1262 1854 1329 1908; x_wconf 91' lang='lat' dir='ltr'><strong>mihi</strong></span> <span class='ocrx_word' id='word_1_136' title='bbox 1351 1855 1379 1909; x_wconf 92' lang='lat' dir='ltr'><strong>id</strong></span> <span class='ocrx_word' id='word_1_137' title='bbox 1401 1855 1499 1925; x_wconf 86' lang='lat' dir='ltr'><strong>ipsum,</strong></span> 
     </span>
     <span class='ocr_line' id='line_1_16' title="bbox 327 1922 1500 1994; baseline -0.003 -14"><span class='ocrx_word' id='word_1_138' title='bbox 327 1926 371 1980; x_wconf 90' lang='lat' dir='ltr'><strong>cui</strong></span> <span class='ocrx_word' id='word_1_139' title='bbox 393 1926 488 1994; x_wconf 86' lang='lat' dir='ltr'><strong>Wagu.</strong></span> <span class='ocrx_word' id='word_1_140' title='bbox 511 1926 620 1978; x_wconf 85' lang='lat' dir='ltr'><strong>tantum</strong></span> <span class='ocrx_word' id='word_1_141' title='bbox 643 1923 769 1992; x_wconf 90' lang='lat' dir='ltr'><strong>ponderis</strong></span> <span class='ocrx_word' id='word_1_142' title='bbox 795 1922 934 1987; x_wconf 85' lang='lat' dir='ltr'><strong>attribuit,</strong></span> <span class='ocrx_word' id='word_1_143' title='bbox 962 1939 987 1979; x_wconf 80' lang='lat' dir='ltr'><strong>v.</strong></span> <span class='ocrx_word' id='word_1_144' title='bbox 1012 1927 1060 1976; x_wconf 83' lang='lat'><strong>559</strong></span> <span class='ocrx_word' id='word_1_145' title='bbox 1078 1940 1135 1993; x_wconf 88' lang='lat' dir='ltr'><strong>sqq.</strong></span> <span class='ocrx_word' id='word_1_146' title='bbox 1165 1922 1257 1990; x_wconf 87' lang='lat' dir='ltr'><strong>(Haec</strong></span> <span class='ocrx_word' id='word_1_147' title='bbox 1285 1939 1368 1993; x_wconf 69' lang='lat' dir='ltr'><strong>crepes·</strong></span> <span class='ocrx_word' id='word_1_148' title='bbox 1398 1941 1500 1977; x_wconf 82' lang='lat' dir='ltr'><strong>arec·</strong></span> 
     </span>
     <span class='ocr_line' id='line_1_17' title="bbox 327 1990 1501 2062; baseline -0.003 -15"><span class='ocrx_word' id='word_1_149' title='bbox 327 2012 396 2047; x_wconf 83' lang='lat' dir='ltr'><strong>rum</strong></span> <span class='ocrx_word' id='word_1_150' title='bbox 429 1992 504 2046; x_wconf 79' lang='lat' dir='ltr'><strong>crrltre</strong></span> <span class='ocrx_word' id='word_1_151' title='bbox 534 2007 759 2062; x_wconf 80' lang='lat' dir='ltr'><strong>pecorumque</strong></span> <span class='ocrx_word' id='word_1_152' title='bbox 791 1991 922 2043; x_wconf 69' lang='lat' dir='ltr'><strong>cambam</strong></span> <span class='ocrx_word' id='word_1_153' title='bbox 953 1990 993 2042; x_wconf 84' lang='lat' dir='ltr'><strong>Et</strong></span> <span class='ocrx_word' id='word_1_154' title='bbox 1027 2007 1111 2059; x_wconf 81' lang='lat' dir='ltr'><strong>saper</strong></span> <span class='ocrx_word' id='word_1_155' title='bbox 1143 1990 1336 2054; x_wconf 76' lang='lat' dir='ltr'><strong>arboribus,</strong></span> <span class='ocrx_word' id='word_1_156' title='bbox 1375 1990 1501 2044; x_wconf 85' lang='lat' dir='ltr'><strong>Caesar</strong></span> 
     </span>
     <span class='ocr_line' id='line_1_18' title="bbox 328 2057 1501 2128; baseline -0.001 -15"><span class='ocrx_word' id='word_1_157' title='bbox 328 2063 402 2115; x_wconf 71' lang='lat' dir='ltr'><strong>deam</strong></span> <span class='ocrx_word' id='word_1_158' title='bbox 419 2061 483 2126; x_wconf 83' lang='lat' dir='ltr'><strong>etc.)</strong></span> <span class='ocrx_word' id='word_1_159' title='bbox 502 2059 624 2128; x_wconf 87' lang='lat' dir='ltr'><strong>singulos</strong></span> <span class='ocrx_word' id='word_1_160' title='bbox 641 2058 723 2113; x_wconf 90' lang='lat' dir='ltr'><strong>libros</strong></span> <span class='ocrx_word' id='word_1_161' title='bbox 742 2073 795 2111; x_wconf 92' lang='lat' dir='ltr'><strong>non</strong></span> <span class='ocrx_word' id='word_1_162' title='bbox 813 2074 861 2111; x_wconf 88' lang='lat' dir='ltr'><strong>sno</strong></span> <span class='ocrx_word' id='word_1_163' title='bbox 885 2073 1017 2126; x_wconf 87' lang='lat' dir='ltr'><strong>quemque</strong></span> <span class='ocrx_word' id='word_1_164' title='bbox 1038 2057 1096 2112; x_wconf 90' lang='lat' dir='ltr'><strong>loco</strong></span> <span class='ocrx_word' id='word_1_165' title='bbox 1128 2057 1329 2111; x_wconf 90' lang='lat' dir='ltr'><strong>commemorari</strong></span> <span class='ocrx_word' id='word_1_166' title='bbox 1356 2061 1385 2111; x_wconf 92' lang='lat' dir='ltr'><strong>et</strong></span> <span class='ocrx_word' id='word_1_167' title='bbox 1410 2059 1501 2128; x_wconf 90' lang='lat' dir='ltr'><strong>quarti</strong></span> 
     </span>
     <span class='ocr_line' id='line_1_19' title="bbox 328 2123 1500 2195; baseline -0.003 -12"><span class='ocrx_word' id='word_1_168' title='bbox 328 2145 359 2183; x_wconf 88' lang='lat' dir='ltr'><strong>ar</strong></span> <span class='ocrx_word' id='word_1_169' title='bbox 425 2129 519 2182; x_wconf 86' lang='lat' dir='ltr'><strong>cutum</strong></span> <span class='ocrx_word' id='word_1_170' title='bbox 555 2142 647 2180; x_wconf 90' lang='lat' dir='ltr'><strong>rorsus</strong></span> <span class='ocrx_word' id='word_1_171' title='bbox 665 2125 756 2180; x_wconf 89' lang='lat' dir='ltr'><strong>omitti</strong></span> <span class='ocrx_word' id='word_1_172' title='bbox 778 2123 860 2193; x_wconf 86' lang='lat' dir='ltr'><strong>(qnod</strong></span> <span class='ocrx_word' id='word_1_173' title='bbox 878 2141 911 2179; x_wconf 88' lang='lat' dir='ltr'><strong>ne</strong></span> <span class='ocrx_word' id='word_1_174' title='bbox 929 2125 962 2179; x_wconf 90' lang='lat' dir='ltr'><strong>ab</strong></span> <span class='ocrx_word' id='word_1_175' title='bbox 981 2125 1052 2178; x_wconf 91' lang='lat' dir='ltr'><strong>omni</strong></span> <span class='ocrx_word' id='word_1_176' title='bbox 1074 2124 1183 2195; x_wconf 91' lang='lat' dir='ltr'><strong>quidem</strong></span> <span class='ocrx_word' id='word_1_177' title='bbox 1204 2126 1283 2193; x_wconf 87' lang='lat' dir='ltr'><strong>parte</strong></span> <span class='ocrx_word' id='word_1_178' title='bbox 1311 2141 1413 2193; x_wconf 80' lang='lat' dir='ltr'><strong>rernm,</strong></span> <span class='ocrx_word' id='word_1_179' title='bbox 1440 2142 1500 2180; x_wconf 89' lang='lat' dir='ltr'><strong>cum</strong></span> 
     </span>
     <span class='ocr_line' id='line_1_20' title="bbox 329 2144 1495 2263; baseline -0.001 -15"><span class='ocrx_word' id='word_1_180' title='bbox 329 2196 384 2249; x_wconf 80' lang='lat' dir='ltr'><strong>ni&#39;</strong></span> <span class='ocrx_word' id='word_1_181' title='bbox 414 2144 554 2263; x_wconf 54' lang='lat' dir='ltr'><strong>impediai</strong></span> <span class='ocrx_word' id='word_1_182' title='bbox 591 2192 715 2246; x_wconf 90' lang='lat' dir='ltr'><strong>uominus</strong></span> <span class='ocrx_word' id='word_1_183' title='bbox 734 2208 826 2247; x_wconf 80' lang='lat' dir='ltr'><strong>vocem</strong></span> <span class='ocrx_word' id='word_1_184' title='bbox 864 2209 947 2246; x_wconf 80' lang='lat' dir='ltr'><strong>secra</strong></span> <span class='ocrx_word' id='word_1_185' title='bbox 964 2193 1045 2246; x_wconf 87' lang='lat' dir='ltr'><strong>etiam</strong></span> <span class='ocrx_word' id='word_1_186' title='bbox 1064 2207 1128 2262; x_wconf 90' lang='lat' dir='ltr'><strong>apes</strong></span> <span class='ocrx_word' id='word_1_187' title='bbox 1152 2191 1296 2261; x_wconf 88' lang='lat' dir='ltr'><strong>complecti</strong></span> <span class='ocrx_word' id='word_1_188' title='bbox 1326 2209 1495 2248; x_wconf 79' lang='lat' dir='ltr'><strong>censeamus:</strong></span> 
     </span>
     <span class='ocr_line' id='line_1_21' title="bbox 329 2211 1500 2328; baseline -0.003 -11"><span class='ocrx_word' id='word_1_189' title='bbox 329 2263 363 2317; x_wconf 83' lang='grc'><strong>01.</strong></span> <span class='ocrx_word' id='word_1_190' title='bbox 382 2262 485 2317; x_wconf 86' lang='lat' dir='ltr'><strong>adnott.</strong></span> <span class='ocrx_word' id='word_1_191' title='bbox 505 2261 540 2315; x_wconf 88' lang='lat' dir='ltr'><strong>ad</strong></span> <span class='ocrx_word' id='word_1_192' title='bbox 557 2211 634 2314; x_wconf 83' lang='lat' dir='ltr'><strong>illum</strong></span> <span class='ocrx_word' id='word_1_193' title='bbox 652 2260 761 2326; x_wconf 86' lang='lat' dir='ltr'><strong>locum),</strong></span> <span class='ocrx_word' id='word_1_194' title='bbox 783 2274 830 2314; x_wconf 88' lang='lat' dir='ltr'><strong>con</strong></span> <span class='ocrx_word' id='word_1_195' title='bbox 847 2275 878 2313; x_wconf 87' lang='lat' dir='ltr'><strong>ra</strong></span> <span class='ocrx_word' id='word_1_196' title='bbox 899 2276 959 2313; x_wconf 88' lang='lat' dir='ltr'><strong>eum</strong></span> <span class='ocrx_word' id='word_1_197' title='bbox 981 2259 1068 2314; x_wconf 88' lang='lat' dir='ltr'><strong>facere</strong></span> <span class='ocrx_word' id='word_1_198' title='bbox 1085 2262 1166 2328; x_wconf 88' lang='lat' dir='ltr'><strong>atque</strong></span> <span class='ocrx_word' id='word_1_199' title='bbox 1185 2258 1370 2314; x_wconf 88' lang='lat' dir='ltr'><strong>demonstrare</strong></span> <span class='ocrx_word' id='word_1_200' title='bbox 1387 2260 1500 2323; x_wconf 86' lang='lat' dir='ltr'><strong>videtur,</strong></span> 
     </span>
     <span class='ocr_line' id='line_1_22' title="bbox 329 2326 1500 2397; baseline -0.001 -14"><span class='ocrx_word' id='word_1_201' title='bbox 329 2331 410 2384; x_wconf 87' lang='lat' dir='ltr'><strong>verba</strong></span> <span class='ocrx_word' id='word_1_202' title='bbox 428 2329 509 2383; x_wconf 85' lang='lat' dir='ltr'><strong>Haec</strong></span> <span class='ocrx_word' id='word_1_203' title='bbox 526 2330 663 2392; x_wconf 73' lang='lat' dir='ltr'><strong>cambam,</strong></span> <span class='ocrx_word' id='word_1_204' title='bbox 682 2330 747 2381; x_wconf 81' lang='lat' dir='ltr'><strong>dum</strong></span> <span class='ocrx_word' id='word_1_205' title='bbox 762 2326 866 2381; x_wconf 82' lang='grc'><strong>000000·</strong></span> <span class='ocrx_word' id='word_1_206' title='bbox 883 2329 923 2380; x_wconf 75' lang='lat' dir='ltr'><strong>aei</strong></span> <span class='ocrx_word' id='word_1_207' title='bbox 938 2327 1109 2397; x_wconf 78' lang='lat' dir='ltr'><strong>Errpdrctem</strong></span> <span class='ocrx_word' id='word_1_208' title='bbox 1125 2327 1259 2393; x_wconf 74' lang='lat' dir='ltr'><strong>fulminat</strong></span> <span class='ocrx_word' id='word_1_209' title='bbox 1270 2343 1324 2381; x_wconf 89' lang='lat' dir='ltr'><strong>nou</strong></span> <span class='ocrx_word' id='word_1_210' title='bbox 1343 2331 1401 2382; x_wconf 89' lang='lat' dir='ltr'><strong>tam</strong></span> <span class='ocrx_word' id='word_1_211' title='bbox 1424 2329 1500 2383; x_wconf 83' lang='lat' dir='ltr'><strong>anxie</strong></span> 
     </span>
     <span class='ocr_line' id='line_1_23' title="bbox 329 2394 1500 2467; baseline -0.001 -16"><span class='ocrx_word' id='word_1_212' title='bbox 329 2396 533 2466; x_wconf 88' lang='lat' dir='ltr'><strong>interpretanda</strong></span> <span class='ocrx_word' id='word_1_213' title='bbox 551 2412 617 2460; x_wconf 91' lang='lat' dir='ltr'><strong>esse,</strong></span> <span class='ocrx_word' id='word_1_214' title='bbox 638 2396 841 2465; x_wconf 86' lang='lat' dir='ltr'><strong>Vergiliumque</strong></span> <span class='ocrx_word' id='word_1_215' title='bbox 858 2394 927 2448; x_wconf 88' lang='lat' dir='ltr'><strong>nihil</strong></span> <span class='ocrx_word' id='word_1_216' title='bbox 943 2394 1018 2448; x_wconf 90' lang='lat' dir='ltr'><strong>aliud</strong></span> <span class='ocrx_word' id='word_1_217' title='bbox 1036 2395 1105 2449; x_wconf 85' lang='lat' dir='ltr'><strong>velle</strong></span> <span class='ocrx_word' id='word_1_218' title='bbox 1124 2394 1219 2457; x_wconf 86' lang='lat' dir='ltr'><strong>dicero,</strong></span> <span class='ocrx_word' id='word_1_219' title='bbox 1238 2395 1291 2448; x_wconf 91' lang='lat' dir='ltr'><strong>nisi</strong></span> <span class='ocrx_word' id='word_1_220' title='bbox 1308 2395 1355 2449; x_wconf 91' lang='lat' dir='ltr'><strong>illc</strong></span> <span class='ocrx_word' id='word_1_221' title='bbox 1371 2399 1500 2467; x_wconf 84' lang='lat' dir='ltr'><strong>tempore,</strong></span> 
     </span>
     <span class='ocr_line' id='line_1_24' title="bbox 329 2462 1502 2535; baseline -0.002 -15"><span class='ocrx_word' id='word_1_222' title='bbox 329 2481 382 2535; x_wconf 87' lang='lat' dir='ltr'><strong>quc</strong></span> <span class='ocrx_word' id='word_1_223' title='bbox 403 2465 543 2533; x_wconf 80' lang='lat' dir='ltr'><strong>Augustus</strong></span> <span class='ocrx_word' id='word_1_224' title='bbox 561 2463 653 2517; x_wconf 85' lang='lat' dir='ltr'><strong>Asiam</strong></span> <span class='ocrx_word' id='word_1_225' title='bbox 679 2462 795 2517; x_wconf 85' lang='lat' dir='ltr'><strong>nourinis</strong></span> <span class='ocrx_word' id='word_1_226' title='bbox 814 2463 856 2517; x_wconf 92' lang='lat' dir='ltr'><strong>sui</strong></span> <span class='ocrx_word' id='word_1_227' title='bbox 872 2463 961 2532; x_wconf 87' lang='lat' dir='ltr'><strong>gloria</strong></span> <span class='ocrx_word' id='word_1_228' title='bbox 977 2462 1112 2531; x_wconf 88' lang='lat' dir='ltr'><strong>impleret,</strong></span> <span class='ocrx_word' id='word_1_229' title='bbox 1133 2478 1161 2517; x_wconf 90' lang='lat' dir='ltr'><strong>ss</strong></span> <span class='ocrx_word' id='word_1_230' title='bbox 1178 2478 1304 2532; x_wconf 85' lang='lat' dir='ltr'><strong>magnam</strong></span> <span class='ocrx_word' id='word_1_231' title='bbox 1327 2467 1355 2517; x_wconf 89' lang='lat' dir='ltr'><strong>et</strong></span> <span class='ocrx_word' id='word_1_232' title='bbox 1376 2463 1502 2518; x_wconf 88' lang='lat' dir='ltr'><strong>ultimam</strong></span> 
     </span>
     <span class='ocr_line' id='line_1_25' title="bbox 330 2529 1502 2652; baseline 0 -66"><span class='ocrx_word' id='word_1_233' title='bbox 330 2532 437 2604; x_wconf 89' lang='lat' dir='ltr'><strong>quidem</strong></span> <span class='ocrx_word' id='word_1_234' title='bbox 460 2532 539 2586; x_wconf 92' lang='lat' dir='ltr'><strong>huius</strong></span> <span class='ocrx_word' id='word_1_235' title='bbox 563 2531 689 2586; x_wconf 87' lang='lat' dir='ltr'><strong>carminis</strong></span> <span class='ocrx_word' id='word_1_236' title='bbox 708 2532 819 2652; x_wconf 79' lang='lat' dir='ltr'><strong>partem</strong></span> <span class='ocrx_word' id='word_1_237' title='bbox 840 2530 1038 2599; x_wconf 84' lang='lat' dir='ltr'><strong>conscripsisse.</strong></span> <span class='ocrx_word' id='word_1_238' title='bbox 1073 2529 1136 2583; x_wconf 85' lang='lat' dir='ltr'><strong>Loci</strong></span> <span class='ocrx_word' id='word_1_239' title='bbox 1169 2530 1238 2583; x_wconf 88' lang='lat' dir='ltr'><strong>euim</strong></span> <span class='ocrx_word' id='word_1_240' title='bbox 1266 2545 1283 2584; x_wconf 88' lang='lat' dir='ltr'><strong>a</strong></span> <span class='ocrx_word' id='word_1_241' title='bbox 1306 2531 1438 2601; x_wconf 88' lang='lat' dir='ltr'><strong>Wagnero</strong></span> <span class='ocrx_word' id='word_1_242' title='bbox 1468 2531 1502 2586; x_wconf 88' lang='lat' dir='ltr'><strong>ad</strong></span> 
     </span>
     <span class='ocr_line' id='line_1_26' title="bbox 330 2597 1502 2670; baseline -0.001 -16"><span class='ocrx_word' id='word_1_243' title='bbox 330 2600 492 2655; x_wconf 88' lang='lat' dir='ltr'><strong>sententiam</strong></span> <span class='ocrx_word' id='word_1_244' title='bbox 511 2615 587 2653; x_wconf 87' lang='lat' dir='ltr'><strong>suam</strong></span> <span class='ocrx_word' id='word_1_245' title='bbox 604 2600 704 2668; x_wconf 86' lang='lat' dir='ltr'><strong>proban</strong></span> <span class='ocrx_word' id='word_1_246' title='bbox 726 2615 770 2653; x_wconf 90' lang='lat' dir='ltr'><strong>am</strong></span> <span class='ocrx_word' id='word_1_247' title='bbox 789 2597 990 2652; x_wconf 89' lang='lat' dir='ltr'><strong>commemorati</strong></span> <span class='ocrx_word' id='word_1_248' title='bbox 1009 2598 1084 2665; x_wconf 79' lang='lat' dir='ltr'><strong>(Gec.</strong></span> <span class='ocrx_word' id='word_1_249' title='bbox 1098 2597 1122 2660; x_wconf 85' lang='grc' dir='ltr'><strong>Ι,</strong></span> <span class='ocrx_word' id='word_1_250' title='bbox 1140 2602 1189 2651; x_wconf 81' lang='lat'><strong>505</strong></span> <span class='ocrx_word' id='word_1_251' title='bbox 1199 2613 1258 2667; x_wconf 84' lang='lat' dir='ltr'><strong>sqq.</strong></span> <span class='ocrx_word' id='word_1_252' title='bbox 1277 2597 1304 2652; x_wconf 87' lang='lat' dir='ltr'><strong>et</strong></span> <span class='ocrx_word' id='word_1_253' title='bbox 1321 2599 1357 2660; x_wconf 87' lang='grc' dir='ltr'><strong>ΙΙ,</strong></span> <span class='ocrx_word' id='word_1_254' title='bbox 1377 2603 1420 2653; x_wconf 82' lang='grc'><strong>171</strong></span> <span class='ocrx_word' id='word_1_255' title='bbox 1434 2616 1463 2670; x_wconf 87' lang='lat' dir='ltr'><strong>sq</strong></span> <span class='ocrx_word' id='word_1_256' title='bbox 1486 2640 1502 2667; x_wconf 85' lang='lat'><strong>.,</strong></span> 
     </span>
     <span class='ocr_line' id='line_1_27' title="bbox 330 2664 1473 2745; baseline 0 -24"><span class='ocrx_word' id='word_1_257' title='bbox 330 2668 429 2739; x_wconf 88' lang='lat' dir='ltr'><strong>quibus</strong></span> <span class='ocrx_word' id='word_1_258' title='bbox 447 2666 517 2721; x_wconf 91' lang='lat' dir='ltr'><strong>addc</strong></span> <span class='ocrx_word' id='word_1_259' title='bbox 534 2667 597 2721; x_wconf 86' lang='lat' dir='ltr'><strong>Geo.</strong></span> <span class='ocrx_word' id='word_1_260' title='bbox 616 2666 668 2733; x_wconf 89' lang='lat'>111,</span> <span class='ocrx_word' id='word_1_261' title='bbox 686 2670 719 2721; x_wconf 82' lang='lat'><strong>26</strong></span> <span class='ocrx_word' id='word_1_262' title='bbox 737 2684 750 2719; x_wconf 93' lang='lat' dir='ltr'><strong>s</strong></span> <span class='ocrx_word' id='word_1_263' title='bbox 770 2669 806 2745; x_wconf 84' lang='lat' dir='ltr'><strong>q.)</strong></span> <span class='ocrx_word' id='word_1_264' title='bbox 831 2665 913 2720; x_wconf 90' lang='lat' dir='ltr'><strong>etiam</strong></span> <span class='ocrx_word' id='word_1_265' title='bbox 935 2667 1030 2735; x_wconf 87' lang='lat' dir='ltr'><strong>postea</strong></span> <span class='ocrx_word' id='word_1_266' title='bbox 1059 2664 1139 2720; x_wconf 88' lang='lat' dir='ltr'><strong>adiici</strong></span> <span class='ocrx_word' id='word_1_267' title='bbox 1169 2668 1304 2733; x_wconf 89' lang='lat' dir='ltr'><strong>poteraut,</strong></span> <span class='ocrx_word' id='word_1_268' title='bbox 1332 2682 1394 2720; x_wconf 89' lang='lat' dir='ltr'><strong>cum</strong></span> <span class='ocrx_word' id='word_1_269' title='bbox 1423 2683 1473 2736; x_wconf 88' lang='lat' dir='ltr'><strong>poe</strong></span> 
     </span>
     <span class='ocr_line' id='line_1_28' title="bbox 331 2683 1503 2813; baseline -0.002 -24"><span class='ocrx_word' id='word_1_270' title='bbox 331 2735 439 2790; x_wconf 90' lang='lat' dir='ltr'><strong>omuino</strong></span> <span class='ocrx_word' id='word_1_271' title='bbox 460 2734 488 2788; x_wconf 91' lang='lat' dir='ltr'><strong>in</strong></span> <span class='ocrx_word' id='word_1_272' title='bbox 511 2734 579 2789; x_wconf 89' lang='lat' dir='ltr'><strong>Geor</strong></span> <span class='ocrx_word' id='word_1_273' title='bbox 599 2734 647 2813; x_wconf 78' lang='lat' dir='ltr'><strong>icis</strong></span> <span class='ocrx_word' id='word_1_274' title='bbox 673 2683 800 2788; x_wconf 81' lang='lat' dir='ltr'><strong>limaridrs</strong></span> <span class='ocrx_word' id='word_1_275' title='bbox 824 2734 854 2787; x_wconf 91' lang='lat' dir='ltr'><strong>et</strong></span> <span class='ocrx_word' id='word_1_276' title='bbox 882 2732 1033 2813; x_wconf 75' lang='lat' dir='ltr'><strong>excolendis</strong></span> <span class='ocrx_word' id='word_1_277' title='bbox 1060 2749 1207 2813; x_wconf 77' lang='lat' dir='ltr'><strong>numquam</strong></span> <span class='ocrx_word' id='word_1_278' title='bbox 1235 2749 1354 2788; x_wconf 81' lang='lat' dir='ltr'><strong>cessasse</strong></span> <span class='ocrx_word' id='word_1_279' title='bbox 1372 2734 1503 2789; x_wconf 87' lang='lat' dir='ltr'><strong>videatur.</strong></span> 
     </span>
     <span class='ocr_line' id='line_1_29' title="bbox 330 2751 1503 2871; baseline -0.002 -13"><span class='ocrx_word' id='word_1_280' title='bbox 330 2803 392 2859; x_wconf 79' lang='lat' dir='ltr'><strong>alis</strong></span> <span class='ocrx_word' id='word_1_281' title='bbox 408 2802 499 2857; x_wconf 83' lang='lat' dir='ltr'><strong>antem</strong></span> <span class='ocrx_word' id='word_1_282' title='bbox 517 2751 622 2856; x_wconf 74' lang='lat' dir='ltr'><strong>accedit</strong></span> <span class='ocrx_word' id='word_1_283' title='bbox 640 2817 721 2856; x_wconf 89' lang='lat' dir='ltr'><strong>causa</strong></span> <span class='ocrx_word' id='word_1_284' title='bbox 741 2801 821 2871; x_wconf 90' lang='lat' dir='ltr'><strong>paulo</strong></span> <span class='ocrx_word' id='word_1_285' title='bbox 863 2816 961 2854; x_wconf 81' lang='lat' dir='ltr'><strong>tamor.</strong></span> <span class='ocrx_word' id='word_1_286' title='bbox 997 2800 1133 2870; x_wconf 86' lang='lat' dir='ltr'><strong>Vergrhcs</strong></span> <span class='ocrx_word' id='word_1_287' title='bbox 1156 2816 1235 2868; x_wconf 83' lang='lat' dir='ltr'><strong>emm,</strong></span> <span class='ocrx_word' id='word_1_288' title='bbox 1257 2800 1313 2856; x_wconf 80' lang='lat' dir='ltr'><strong>Ecl</strong></span> <span class='ocrx_word' id='word_1_289' title='bbox 1332 2801 1366 2867; x_wconf 88' lang='lat' dir='ltr'><strong>X,</strong></span> <span class='ocrx_word' id='word_1_290' title='bbox 1392 2806 1412 2857; x_wconf 96' lang='grc'><strong>1.</strong></span> <span class='ocrx_word' id='word_1_291' title='bbox 1437 2802 1503 2856; x_wconf 90' lang='lat' dir='ltr'><strong>haec</strong></span> 
     </span>
     <span class='ocr_line' id='line_1_30' title="bbox 331 2870 1502 2936; baseline -0.001 -10"><span class='ocrx_word' id='word_1_292' title='bbox 331 2872 465 2927; x_wconf 86' lang='lat' dir='ltr'><strong>scribens:</strong></span> <span class='ocrx_word' id='word_1_293' title='bbox 494 2871 653 2925; x_wconf 71' lang='lat' dir='ltr'><strong>Extremam</strong></span> <span class='ocrx_word' id='word_1_294' title='bbox 671 2872 750 2933; x_wconf 79' lang='lat' dir='ltr'><strong>bene,</strong></span> <span class='ocrx_word' id='word_1_295' title='bbox 778 2872 836 2924; x_wconf 85' lang='lat' dir='ltr'><strong>Are</strong></span> <span class='ocrx_word' id='word_1_296' title='bbox 866 2887 925 2933; x_wconf 76' lang='lat' dir='ltr'><strong>usa,</strong></span> <span class='ocrx_word' id='word_1_297' title='bbox 950 2870 1019 2922; x_wconf 82' lang='lat' dir='ltr'><strong>mibi</strong></span> <span class='ocrx_word' id='word_1_298' title='bbox 1035 2870 1151 2923; x_wconf 79' lang='lat' dir='ltr'><strong>concede</strong></span> <span class='ocrx_word' id='word_1_299' title='bbox 1173 2870 1302 2936; x_wconf 75' lang='lat' dir='ltr'><strong>laborem,</strong></span> <span class='ocrx_word' id='word_1_300' title='bbox 1331 2870 1385 2924; x_wconf 88' lang='lat' dir='ltr'><strong>iam</strong></span> <span class='ocrx_word' id='word_1_301' title='bbox 1415 2870 1443 2923; x_wconf 90' lang='lat' dir='ltr'><strong>in</strong></span> <span class='ocrx_word' id='word_1_302' title='bbox 1472 2887 1502 2925; x_wconf 89' lang='lat' dir='ltr'><strong>co</strong></span> 
     </span>
     <span class='ocr_line' id='line_1_31' title="bbox 331 2935 1501 3006; baseline -0.001 -12"><span class='ocrx_word' id='word_1_303' title='bbox 331 2940 424 3002; x_wconf 85' lang='lat' dir='ltr'><strong>luisse,</strong></span> <span class='ocrx_word' id='word_1_304' title='bbox 440 2940 473 2991; x_wconf 88' lang='lat' dir='ltr'><strong>ut</strong></span> <span class='ocrx_word' id='word_1_305' title='bbox 490 2938 564 2993; x_wconf 86' lang='lat' dir='ltr'><strong>aliud</strong></span> <span class='ocrx_word' id='word_1_306' title='bbox 584 2938 653 2992; x_wconf 89' lang='lat' dir='ltr'><strong>alius</strong></span> <span class='ocrx_word' id='word_1_307' title='bbox 677 2938 782 3005; x_wconf 87' lang='lat' dir='ltr'><strong>generis</strong></span> <span class='ocrx_word' id='word_1_308' title='bbox 810 2939 839 2992; x_wconf 88' lang='lat' dir='ltr'><strong>et</strong></span> <span class='ocrx_word' id='word_1_309' title='bbox 867 2935 975 3006; x_wconf 87' lang='lat' dir='ltr'><strong>longius</strong></span> <span class='ocrx_word' id='word_1_310' title='bbox 1004 2936 1077 2990; x_wconf 87' lang='lat' dir='ltr'><strong>baud</strong></span> <span class='ocrx_word' id='word_1_311' title='bbox 1107 2935 1187 2990; x_wconf 87' lang='lat' dir='ltr'><strong>dubie</strong></span> <span class='ocrx_word' id='word_1_312' title='bbox 1217 2952 1323 2991; x_wconf 86' lang='lat' dir='ltr'><strong>carmen</strong></span> <span class='ocrx_word' id='word_1_313' title='bbox 1354 2938 1501 3004; x_wconf 86' lang='lat' dir='ltr'><strong>inchoaret,</strong></span> 
     </span>
     <span class='ocr_line' id='line_1_32' title="bbox 331 3003 1500 3071; baseline -0.002 -10"><span class='ocrx_word' id='word_1_314' title='bbox 331 3023 409 3062; x_wconf 89' lang='lat' dir='ltr'><strong>nemo</strong></span> <span class='ocrx_word' id='word_1_315' title='bbox 428 3006 506 3060; x_wconf 83' lang='lat' dir='ltr'><strong>facile</strong></span> <span class='ocrx_word' id='word_1_316' title='bbox 526 3005 671 3071; x_wconf 80' lang='lat' dir='ltr'><strong>dubitabit,</strong></span> <span class='ocrx_word' id='word_1_317' title='bbox 692 3021 753 3058; x_wconf 89' lang='lat' dir='ltr'><strong>cnm</strong></span> <span class='ocrx_word' id='word_1_318' title='bbox 772 3004 853 3058; x_wconf 89' lang='lat' dir='ltr'><strong>aliter</strong></span> <span class='ocrx_word' id='word_1_319' title='bbox 869 3004 912 3057; x_wconf 89' lang='lat' dir='ltr'><strong>bis</strong></span> <span class='ocrx_word' id='word_1_320' title='bbox 930 3004 1018 3058; x_wconf 81' lang='lat' dir='ltr'><strong>verbis</strong></span> <span class='ocrx_word' id='word_1_321' title='bbox 1035 3003 1122 3057; x_wconf 84' lang='lat' dir='ltr'><strong>Musis</strong></span> <span class='ocrx_word' id='word_1_322' title='bbox 1140 3006 1188 3058; x_wconf 90' lang='lat' dir='ltr'><strong>aut</strong></span> <span class='ocrx_word' id='word_1_323' title='bbox 1207 3004 1313 3058; x_wconf 91' lang='lat' dir='ltr'><strong>omnino</strong></span> <span class='ocrx_word' id='word_1_324' title='bbox 1331 3005 1500 3070; x_wconf 82' lang='lat' dir='ltr'><strong>valedicere,</strong></span> 
     </span>
     <span class='ocr_line' id='line_1_33' title="bbox 331 3071 1500 3142; baseline -0.003 -12"><span class='ocrx_word' id='word_1_325' title='bbox 331 3074 473 3138; x_wconf 83' lang='lat' dir='ltr'><strong>sotadeo,</strong></span> <span class='ocrx_word' id='word_1_326' title='bbox 492 3074 596 3142; x_wconf 87' lang='lat' dir='ltr'><strong>ingenti</strong></span> <span class='ocrx_word' id='word_1_327' title='bbox 615 3072 899 3141; x_wconf 75' lang='lat' dir='ltr'><strong>scilicetllclogarum</strong></span> <span class='ocrx_word' id='word_1_328' title='bbox 918 3071 1117 3126; x_wconf 86' lang='lat' dir='ltr'><strong>condendarum</strong></span> <span class='ocrx_word' id='word_1_329' title='bbox 1144 3071 1235 3126; x_wconf 88' lang='lat' dir='ltr'><strong>labore</strong></span> <span class='ocrx_word' id='word_1_330' title='bbox 1262 3072 1340 3141; x_wconf 87' lang='lat' dir='ltr'><strong>quasi</strong></span> <span class='ocrx_word' id='word_1_331' title='bbox 1369 3071 1500 3135; x_wconf 82' lang='lat' dir='ltr'><strong>defessus,</strong></span> 
     </span>
     <span class='ocr_line' id='line_1_34' title="bbox 331 3139 1500 3212; baseline -0.001 -16"><span class='ocrx_word' id='word_1_332' title='bbox 331 3142 472 3197; x_wconf 90' lang='lat' dir='ltr'><strong>consilium</strong></span> <span class='ocrx_word' id='word_1_333' title='bbox 491 3157 539 3212; x_wconf 90' lang='lat' dir='ltr'><strong>per</strong></span> <span class='ocrx_word' id='word_1_334' title='bbox 580 3141 652 3195; x_wconf 89' lang='lat' dir='ltr'><strong>lures</strong></span> <span class='ocrx_word' id='word_1_335' title='bbox 676 3156 761 3195; x_wconf 87' lang='lat' dir='ltr'><strong>annos</strong></span> <span class='ocrx_word' id='word_1_336' title='bbox 804 3140 938 3195; x_wconf 87' lang='lat' dir='ltr'><strong>uiesoendi</strong></span> <span class='ocrx_word' id='word_1_337' title='bbox 961 3140 1112 3210; x_wconf 86' lang='lat' dir='ltr'><strong>significare</strong></span> <span class='ocrx_word' id='word_1_338' title='bbox 1134 3139 1276 3196; x_wconf 84' lang='lat' dir='ltr'><strong>rideretur.</strong></span> <span class='ocrx_word' id='word_1_339' title='bbox 1321 3139 1386 3205; x_wconf 84' lang='lat' dir='ltr'><strong>Quis</strong></span> <span class='ocrx_word' id='word_1_340' title='bbox 1409 3145 1500 3195; x_wconf 87' lang='lat' dir='ltr'><strong>autern</strong></span> 
     </span>
     <span class='ocr_line' id='line_1_35' title="bbox 331 3158 1502 3288; baseline -0.003 -24"><span class='ocrx_word' id='word_1_341' title='bbox 331 3210 382 3266; x_wconf 90' lang='lat' dir='ltr'><strong>sibi</strong></span> <span class='ocrx_word' id='word_1_342' title='bbox 401 3158 672 3288; x_wconf 41' lang='lat' dir='ltr'><strong>persuadebil,&#39;illud</strong></span> <span class='ocrx_word' id='word_1_343' title='bbox 690 3208 762 3263; x_wconf 87' lang='lat' dir='ltr'><strong>aliud</strong></span> <span class='ocrx_word' id='word_1_344' title='bbox 781 3158 865 3262; x_wconf 65' lang='lat' dir='ltr'><strong>inisse</strong></span> <span class='ocrx_word' id='word_1_345' title='bbox 884 3224 999 3273; x_wconf 87' lang='lat' dir='ltr'><strong>carmen,</strong></span> <span class='ocrx_word' id='word_1_346' title='bbox 1022 3223 1101 3277; x_wconf 87' lang='lat' dir='ltr'><strong>quarn</strong></span> <span class='ocrx_word' id='word_1_347' title='bbox 1120 3206 1252 3275; x_wconf 82' lang='lat' dir='ltr'><strong>Georgica</strong></span> <span class='ocrx_word' id='word_1_348' title='bbox 1271 3223 1342 3287; x_wconf 25' lang='lat' dir='ltr'><strong>‘cum</strong></span> <span class='ocrx_word' id='word_1_349' title='bbox 1359 3208 1387 3261; x_wconf 92' lang='lat' dir='ltr'><strong>in</strong></span> <span class='ocrx_word' id='word_1_350' title='bbox 1406 3208 1502 3263; x_wconf 81' lang='lat' dir='ltr'><strong>Aenei-</strong></span> 
     </span>
     <span class='ocr_line' id='line_1_36' title="bbox 332 3251 1501 3346; baseline -0.002 -14"><span class='ocrx_word' id='word_1_351' title='bbox 332 3280 379 3333; x_wconf 89' lang='lat' dir='ltr'><strong>dos</strong></span> <span class='ocrx_word' id='word_1_352' title='bbox 392 3277 536 3346; x_wconf 89' lang='lat' dir='ltr'><strong>procemic‚</strong></span> <span class='ocrx_word' id='word_1_353' title='bbox 556 3292 631 3330; x_wconf 83' lang='lat' dir='ltr'><strong>curus</strong></span> <span class='ocrx_word' id='word_1_354' title='bbox 650 3278 805 3331; x_wconf 66' lang='lat' dir='ltr'><strong>attentior</strong></span> <span class='ocrx_word' id='word_1_355' title='bbox 822 3276 948 3345; x_wconf 85' lang='lat' dir='ltr'><strong>Wagner.</strong></span> <span class='ocrx_word' id='word_1_356' title='bbox 971 3277 1027 3345; x_wconf 90' lang='lat' dir='ltr'><strong>ipse</strong></span> <span class='ocrx_word' id='word_1_357' title='bbox 1045 3278 1153 3330; x_wconf 89' lang='lat' dir='ltr'><strong>strenue</strong></span> <span class='ocrx_word' id='word_1_358' title='bbox 1171 3251 1300 3343; x_wconf 84' lang='lat' dir='ltr'><strong>defendrt,</strong></span> <span class='ocrx_word' id='word_1_359' title='bbox 1318 3274 1501 3330; x_wconf 84' lang='lat' dir='ltr'><strong>Bucolicorum</strong></span> 
     </span>
     <span class='ocr_line' id='line_1_37' title="bbox 331 3342 1502 3413; baseline -0.001 -13"><span class='ocrx_word' id='word_1_360' title='bbox 331 3346 410 3400; x_wconf 91' lang='lat' dir='ltr'><strong>modo</strong></span> <span class='ocrx_word' id='word_1_361' title='bbox 438 3349 466 3398; x_wconf 92' lang='lat' dir='ltr'><strong>et</strong></span> <span class='ocrx_word' id='word_1_362' title='bbox 482 3344 674 3413; x_wconf 85' lang='lat' dir='ltr'><strong>Georgicorum</strong></span> <span class='ocrx_word' id='word_1_363' title='bbox 702 3345 765 3397; x_wconf 90' lang='lat' dir='ltr'><strong>ante</strong></span> <span class='ocrx_word' id='word_1_364' title='bbox 785 3359 801 3397; x_wconf 88' lang='lat' dir='ltr'><strong>a</strong></span> <span class='ocrx_word' id='word_1_365' title='bbox 819 3360 847 3397; x_wconf 89' lang='lat' dir='ltr'><strong>se</strong></span> <span class='ocrx_word' id='word_1_366' title='bbox 865 3343 1077 3412; x_wconf 90' lang='lat' dir='ltr'><strong>conscriptorum</strong></span> <span class='ocrx_word' id='word_1_367' title='bbox 1094 3342 1257 3398; x_wconf 86' lang='lat' dir='ltr'><strong>mentionem</strong></span> <span class='ocrx_word' id='word_1_368' title='bbox 1276 3342 1379 3397; x_wconf 77' lang='lat' dir='ltr'><strong>iaciat?</strong></span> <span class='ocrx_word' id='word_1_369' title='bbox 1414 3342 1502 3408; x_wconf 81' lang='lat' dir='ltr'><strong>Quare</strong></span> 
     </span>
     <span class='ocr_line' id='line_1_38' title="bbox 332 3409 1503 3491; baseline -0.001 -25"><span class='ocrx_word' id='word_1_370' title='bbox 332 3413 398 3467; x_wconf 89' lang='lat' dir='ltr'><strong>mibi</strong></span> <span class='ocrx_word' id='word_1_371' title='bbox 417 3412 556 3479; x_wconf 84' lang='lat' dir='ltr'><strong>vulgarem</strong></span> <span class='ocrx_word' id='word_1_372' title='bbox 577 3410 726 3491; x_wconf 86' lang='lat' dir='ltr'><strong>opinionem</strong></span> <span class='ocrx_word' id='word_1_373' title='bbox 742 3410 775 3465; x_wconf 90' lang='lat' dir='ltr'><strong>dc</strong></span> <span class='ocrx_word' id='word_1_374' title='bbox 792 3409 845 3463; x_wconf 89' lang='lat' dir='ltr'><strong>Vll</strong></span> <span class='ocrx_word' id='word_1_375' title='bbox 857 3410 935 3464; x_wconf 88' lang='lat' dir='ltr'><strong>annis</strong></span> <span class='ocrx_word' id='word_1_376' title='bbox 947 3410 973 3463; x_wconf 91' lang='lat' dir='ltr'><strong>in</strong></span> <span class='ocrx_word' id='word_1_377' title='bbox 986 3410 1037 3464; x_wconf 92' lang='lat' dir='ltr'><strong>boc</strong></span> <span class='ocrx_word' id='word_1_378' title='bbox 1046 3410 1163 3465; x_wconf 88' lang='lat' dir='ltr'><strong>carmine</strong></span> <span class='ocrx_word' id='word_1_379' title='bbox 1182 3409 1323 3480; x_wconf 84' lang='lat' dir='ltr'><strong>pangendo</strong></span> <span class='ocrx_word' id='word_1_380' title='bbox 1336 3412 1503 3482; x_wconf 87' lang='lat' dir='ltr'><strong>consumptis</strong></span> 
     </span>
     <span class='ocr_line' id='line_1_39' title="bbox 332 3477 1501 3560; baseline -0.001 -26"><span class='ocrx_word' id='word_1_381' title='bbox 332 3479 450 3536; x_wconf 90' lang='lat' dir='ltr'><strong>nondum</strong></span> <span class='ocrx_word' id='word_1_382' title='bbox 468 3479 575 3533; x_wconf 83' lang='lat' dir='ltr'><strong>ridetur</strong></span> <span class='ocrx_word' id='word_1_383' title='bbox 592 3477 744 3547; x_wconf 82' lang='lat' dir='ltr'><strong>infregisse.</strong></span> <span class='ocrx_word' id='word_1_384' title='bbox 763 3478 853 3543; x_wconf 88' lang='lat' dir='ltr'><strong>(Nunc</strong></span> <span class='ocrx_word' id='word_1_385' title='bbox 870 3479 904 3535; x_wconf 87' lang='lat' dir='ltr'><strong>ci.</strong></span> <span class='ocrx_word' id='word_1_386' title='bbox 923 3478 1004 3532; x_wconf 88' lang='lat' dir='ltr'><strong>etiam</strong></span> <span class='ocrx_word' id='word_1_387' title='bbox 1029 3494 1096 3546; x_wconf 90' lang='lat' dir='ltr'><strong>qnae</strong></span> <span class='ocrx_word' id='word_1_388' title='bbox 1117 3477 1244 3534; x_wconf 82' lang='lat' dir='ltr'><strong>Ribbeck.</strong></span> <span class='ocrx_word' id='word_1_389' title='bbox 1263 3477 1337 3532; x_wconf 86' lang='lat' dir='ltr'><strong>Lect.</strong></span> <span class='ocrx_word' id='word_1_390' title='bbox 1366 3479 1447 3560; x_wconf 79' lang='lat' dir='ltr'><strong>Verg.</strong></span> <span class='ocrx_word' id='word_1_391' title='bbox 1477 3497 1501 3549; x_wconf 90' lang='lat' dir='ltr'><strong>p.</strong></span> 
     </span>
     <span class='ocr_line' id='line_1_40' title="bbox 336 3545 1503 3615; baseline 0 -13"><span class='ocrx_word' id='word_1_392' title='bbox 336 3553 357 3602; x_wconf 89' lang='lat'><strong>1.</strong></span> <span class='ocrx_word' id='word_1_393' title='bbox 377 3550 470 3602; x_wconf 89' lang='lat' dir='ltr'><strong>contra</strong></span> <span class='ocrx_word' id='word_1_394' title='bbox 487 3547 583 3614; x_wconf 84' lang='lat' dir='ltr'><strong>Wegn.</strong></span> <span class='ocrx_word' id='word_1_395' title='bbox 603 3545 772 3615; x_wconf 86' lang='lat' dir='ltr'><strong>disputavit.)</strong></span> <span class='ocrx_word' id='word_1_396' title='bbox 807 3546 858 3600; x_wconf 82' lang='lat' dir='ltr'><strong>Cui</strong></span> <span class='ocrx_word' id='word_1_397' title='bbox 876 3547 968 3600; x_wconf 89' lang='lat' dir='ltr'><strong>autem</strong></span> <span class='ocrx_word' id='word_1_398' title='bbox 986 3545 1038 3599; x_wconf 89' lang='lat' dir='ltr'><strong>hcc</strong></span> <span class='ocrx_word' id='word_1_399' title='bbox 1055 3546 1173 3615; x_wconf 87' lang='lat' dir='ltr'><strong>spatium</strong></span> <span class='ocrx_word' id='word_1_400' title='bbox 1191 3545 1272 3599; x_wconf 88' lang='lat' dir='ltr'><strong>nimis</strong></span> <span class='ocrx_word' id='word_1_401' title='bbox 1284 3546 1394 3615; x_wconf 89' lang='lat' dir='ltr'><strong>longum</strong></span> <span class='ocrx_word' id='word_1_402' title='bbox 1413 3547 1503 3602; x_wconf 81' lang='lat' dir='ltr'><strong>videa·</strong></span> 
     </span>
     <span class='ocr_line' id='line_1_41' title="bbox 332 3613 1504 3684; baseline -0.001 -14"><span class='ocrx_word' id='word_1_403' title='bbox 332 3619 386 3679; x_wconf 91' lang='lat' dir='ltr'><strong>tur,</strong></span> <span class='ocrx_word' id='word_1_404' title='bbox 404 3616 427 3669; x_wconf 93' lang='lat' dir='ltr'><strong>is</strong></span> <span class='ocrx_word' id='word_1_405' title='bbox 446 3617 561 3682; x_wconf 88' lang='lat' dir='ltr'><strong>reputet,</strong></span> <span class='ocrx_word' id='word_1_406' title='bbox 580 3614 738 3683; x_wconf 89' lang='lat' dir='ltr'><strong>Vergilium,</strong></span> <span class='ocrx_word' id='word_1_407' title='bbox 758 3629 836 3684; x_wconf 85' lang='lat' dir='ltr'><strong>quem</strong></span> <span class='ocrx_word' id='word_1_408' title='bbox 857 3616 959 3667; x_wconf 85' lang='lat' dir='ltr'><strong>veteres</strong></span> <span class='ocrx_word' id='word_1_409' title='bbox 981 3613 1089 3667; x_wconf 90' lang='lat' dir='ltr'><strong>omuino</strong></span> <span class='ocrx_word' id='word_1_410' title='bbox 1106 3614 1186 3682; x_wconf 85' lang='lat' dir='ltr'><strong>paulo</strong></span> <span class='ocrx_word' id='word_1_411' title='bbox 1209 3613 1355 3668; x_wconf 85' lang='lat' dir='ltr'><strong>tardiorem</strong></span> <span class='ocrx_word' id='word_1_412' title='bbox 1374 3613 1457 3670; x_wconf 87' lang='lat' dir='ltr'><strong>fcisse</strong></span> <span class='ocrx_word' id='word_1_413' title='bbox 1475 3617 1504 3669; x_wconf 90' lang='lat' dir='ltr'><strong>in</strong></span> 
     </span>
     <span class='ocr_line' id='line_1_42' title="bbox 332 3680 1504 3761; baseline -0.001 -23"><span class='ocrx_word' id='word_1_414' title='bbox 332 3682 497 3738; x_wconf 87' lang='lat' dir='ltr'><strong>carminibus</strong></span> <span class='ocrx_word' id='word_1_415' title='bbox 515 3681 704 3751; x_wconf 89' lang='lat' dir='ltr'><strong>componendis</strong></span> <span class='ocrx_word' id='word_1_416' title='bbox 724 3684 752 3735; x_wconf 93' lang='lat' dir='ltr'><strong>et</strong></span> <span class='ocrx_word' id='word_1_417' title='bbox 769 3680 934 3750; x_wconf 86' lang='lat' dir='ltr'><strong>expoliendis</strong></span> <span class='ocrx_word' id='word_1_418' title='bbox 958 3683 985 3734; x_wconf 89' lang='lat' dir='ltr'><strong>et</strong></span> <span class='ocrx_word' id='word_1_419' title='bbox 1010 3681 1185 3750; x_wconf 87' lang='lat' dir='ltr'><strong>paucissimos</strong></span> <span class='ocrx_word' id='word_1_420' title='bbox 1208 3681 1286 3735; x_wconf 88' lang='lat' dir='ltr'><strong>modo</strong></span> <span class='ocrx_word' id='word_1_421' title='bbox 1310 3681 1424 3761; x_wconf 86' lang='lat' dir='ltr'><strong>singulis</strong></span> <span class='ocrx_word' id='word_1_422' title='bbox 1447 3682 1504 3738; x_wconf 92' lang='lat' dir='ltr'><strong>die-</strong></span> 
     </span>
     <span class='ocr_line' id='line_1_43' title="bbox 332 3748 1502 3870; baseline 0 -65"><span class='ocrx_word' id='word_1_423' title='bbox 332 3754 383 3806; x_wconf 88' lang='lat' dir='ltr'><strong>bus</strong></span> <span class='ocrx_word' id='word_1_424' title='bbox 401 3765 494 3804; x_wconf 80' lang='lat' dir='ltr'><strong>versus</strong></span> <span class='ocrx_word' id='word_1_425' title='bbox 512 3750 692 3818; x_wconf 84' lang='lat' dir='ltr'><strong>composuisse</strong></span> <span class='ocrx_word' id='word_1_426' title='bbox 709 3748 830 3803; x_wconf 84' lang='lat' dir='ltr'><strong>referunt</strong></span> <span class='ocrx_word' id='word_1_427' title='bbox 854 3750 898 3816; x_wconf 80' lang='grc'><strong>(01.</strong></span> <span class='ocrx_word' id='word_1_428' title='bbox 916 3749 1022 3870; x_wconf 57' lang='lat' dir='ltr'><strong>quiret.</strong></span> <span class='ocrx_word' id='word_1_429' title='bbox 1046 3750 1113 3804; x_wconf 87' lang='lat' dir='ltr'><strong>Inst.</strong></span> <span class='ocrx_word' id='word_1_430' title='bbox 1132 3749 1165 3817; x_wconf 87' lang='lat' dir='ltr'><strong>X,</strong></span> <span class='ocrx_word' id='word_1_431' title='bbox 1184 3753 1208 3813; x_wconf 83' lang='lat'><strong>3,</strong></span> <span class='ocrx_word' id='word_1_432' title='bbox 1228 3753 1252 3804; x_wconf 85' lang='grc'><strong>8,</strong></span> <span class='ocrx_word' id='word_1_433' title='bbox 1288 3748 1393 3804; x_wconf 82' lang='lat' dir='ltr'><strong>Gellius</strong></span> <span class='ocrx_word' id='word_1_434' title='bbox 1415 3750 1502 3814; x_wconf 83' lang='lat' dir='ltr'><strong>xv11.</strong></span> 
     </span>
     <span class='ocr_line' id='line_1_44' title="bbox 335 3817 1505 3887; baseline -0.001 -14"><span class='ocrx_word' id='word_1_435' title='bbox 335 3824 374 3873; x_wconf 86' lang='lat'><strong>10.</strong></span> <span class='ocrx_word' id='word_1_436' title='bbox 393 3818 492 3873; x_wconf 87' lang='lat' dir='ltr'><strong>Donat.</strong></span> <span class='ocrx_word' id='word_1_437' title='bbox 512 3822 535 3883; x_wconf 60' lang='grc' dir='ltr'><strong>ᾗ.</strong></span> <span class='ocrx_word' id='word_1_438' title='bbox 555 3820 595 3871; x_wconf 87' lang='grc'><strong>33.</strong></span> <span class='ocrx_word' id='word_1_439' title='bbox 610 3834 636 3886; x_wconf 88' lang='lat' dir='ltr'><strong>p.</strong></span> <span class='ocrx_word' id='word_1_440' title='bbox 655 3821 696 3871; x_wconf 83' lang='lat'><strong>59.</strong></span> <span class='ocrx_word' id='word_1_441' title='bbox 713 3817 755 3882; x_wconf 86' lang='lat' dir='ltr'><strong>R.)</strong></span> <span class='ocrx_word' id='word_1_442' title='bbox 784 3817 876 3872; x_wconf 88' lang='lat' dir='ltr'><strong>decem</strong></span> <span class='ocrx_word' id='word_1_443' title='bbox 893 3817 930 3870; x_wconf 83' lang='lat' dir='ltr'><strong>Ec</strong></span> <span class='ocrx_word' id='word_1_444' title='bbox 942 3833 1006 3887; x_wconf 88' lang='lat' dir='ltr'><strong>ogas</strong></span> <span class='ocrx_word' id='word_1_445' title='bbox 1026 3817 1099 3871; x_wconf 88' lang='lat' dir='ltr'><strong>intra</strong></span> <span class='ocrx_word' id='word_1_446' title='bbox 1118 3818 1233 3886; x_wconf 86' lang='lat' dir='ltr'><strong>quatuor</strong></span> <span class='ocrx_word' id='word_1_447' title='bbox 1250 3817 1292 3871; x_wconf 86' lang='lat' dir='ltr'><strong>vel</strong></span> <span class='ocrx_word' id='word_1_448' title='bbox 1316 3817 1434 3887; x_wconf 88' lang='lat' dir='ltr'><strong>quinque</strong></span> <span class='ocrx_word' id='word_1_449' title='bbox 1456 3835 1505 3874; x_wconf 87' lang='lat' dir='ltr'><strong>an·</strong></span> 
     </span>
     <span class='ocr_line' id='line_1_45' title="bbox 332 3859 1506 3954; baseline 0.001 -14"><span class='ocrx_word' id='word_1_450' title='bbox 332 3904 381 3940; x_wconf 89' lang='lat' dir='ltr'><strong>nos</strong></span> <span class='ocrx_word' id='word_1_451' title='bbox 405 3885 596 3954; x_wconf 89' lang='lat' dir='ltr'><strong>conscripsisse</strong></span> <span class='ocrx_word' id='word_1_452' title='bbox 618 3887 646 3938; x_wconf 92' lang='lat' dir='ltr'><strong>et</strong></span> <span class='ocrx_word' id='word_1_453' title='bbox 663 3859 774 3940; x_wconf 82' lang='lat' dir='ltr'><strong>Aeneidi</strong></span> <span class='ocrx_word' id='word_1_454' title='bbox 795 3884 953 3954; x_wconf 89' lang='lat' dir='ltr'><strong>pangendae</strong></span> <span class='ocrx_word' id='word_1_455' title='bbox 977 3902 1067 3943; x_wconf 87' lang='lat' dir='ltr'><strong>eorum</strong></span> <span class='ocrx_word' id='word_1_456' title='bbox 1089 3885 1213 3939; x_wconf 91' lang='lat' dir='ltr'><strong>undecim</strong></span> <span class='ocrx_word' id='word_1_457' title='bbox 1236 3884 1413 3954; x_wconf 81' lang='lat' dir='ltr'><strong>impendisse3</strong></span> <span class='ocrx_word' id='word_1_458' title='bbox 1436 3890 1465 3940; x_wconf 92' lang='lat' dir='ltr'><strong>et</strong></span> <span class='ocrx_word' id='word_1_459' title='bbox 1483 3887 1506 3941; x_wconf 91' lang='grc'><strong>01</strong></span> 
     </span>
     <span class='ocr_line' id='line_1_46' title="bbox 333 3951 1507 4077; baseline 0.001 -1"><span class='ocrx_word' id='word_1_460' title='bbox 333 3951 1363 4077; x_wconf 55' lang='lat' dir='ltr'><strong>{mittsilitumsttnts.t.l².tt¹lttt.tt;tt</strong></span> <span class='ocrx_word' id='word_1_461' title='bbox 1384 3955 1507 4077; x_wconf 68' lang='lat' dir='ltr'><strong>ttlltt</strong></span> 
     </span>
     <span class='ocr_line' id='line_1_47' title="bbox 333 4037 1506 4158; baseline 0 -14"><span class='ocrx_word' id='word_1_462' title='bbox 333 4063 503 4144; x_wconf 81' lang='lat' dir='ltr'><strong>scribenduni</strong></span> <span class='ocrx_word' id='word_1_463' title='bbox 527 4089 615 4143; x_wconf 92' lang='lat' dir='ltr'><strong>multa</strong></span> <span class='ocrx_word' id='word_1_464' title='bbox 631 4088 747 4158; x_wconf 87' lang='lat' dir='ltr'><strong>legenda</strong></span> <span class='ocrx_word' id='word_1_465' title='bbox 764 4092 792 4143; x_wconf 89' lang='lat' dir='ltr'><strong>et</strong></span> <span class='ocrx_word' id='word_1_466' title='bbox 811 4088 967 4143; x_wconf 88' lang='lat' dir='ltr'><strong>meditanda</strong></span> <span class='ocrx_word' id='word_1_467' title='bbox 989 4092 1092 4153; x_wconf 82' lang='lat' dir='ltr'><strong>essent,</strong></span> <span class='ocrx_word' id='word_1_468' title='bbox 1115 4037 1164 4141; x_wconf 82' lang='lat' dir='ltr'><strong>illo</strong></span> <span class='ocrx_word' id='word_1_469' title='bbox 1188 4087 1247 4157; x_wconf 93' lang='lat' dir='ltr'><strong>ipso</strong></span> <span class='ocrx_word' id='word_1_470' title='bbox 1271 4062 1363 4141; x_wconf 79' lang='lat' dir='ltr'><strong>anterii</strong></span> <span class='ocrx_word' id='word_1_471' title='bbox 1386 4092 1506 4158; x_wconf 87' lang='lat' dir='ltr'><strong>tempore</strong></span> 
     </span>
     <span class='ocr_line' id='line_1_48' title="bbox 334 4154 1506 4227; baseline 0.003 -18"><span class='ocrx_word' id='word_1_472' title='bbox 334 4157 488 4216; x_wconf 87' lang='lat' dir='ltr'><strong>valetudiue</strong></span> <span class='ocrx_word' id='word_1_473' title='bbox 513 4157 601 4211; x_wconf 90' lang='lat' dir='ltr'><strong>minus</strong></span> <span class='ocrx_word' id='word_1_474' title='bbox 624 4174 753 4227; x_wconf 87' lang='lat' dir='ltr'><strong>prospera</strong></span> <span class='ocrx_word' id='word_1_475' title='bbox 774 4173 853 4211; x_wconf 89' lang='lat' dir='ltr'><strong>usum</strong></span> <span class='ocrx_word' id='word_1_476' title='bbox 877 4173 947 4220; x_wconf 88' lang='lat' dir='ltr'><strong>esse,</strong></span> <span class='ocrx_word' id='word_1_477' title='bbox 972 4158 999 4211; x_wconf 90' lang='lat' dir='ltr'><strong>et</strong></span> <span class='ocrx_word' id='word_1_478' title='bbox 1022 4173 1054 4211; x_wconf 90' lang='lat' dir='ltr'><strong>ea</strong></span> <span class='ocrx_word' id='word_1_479' title='bbox 1075 4157 1134 4227; x_wconf 86' lang='lat' dir='ltr'><strong>ipsa</strong></span> <span class='ocrx_word' id='word_1_480' title='bbox 1157 4154 1191 4209; x_wconf 87' lang='lat' dir='ltr'><strong>de</strong></span> <span class='ocrx_word' id='word_1_481' title='bbox 1219 4171 1300 4209; x_wconf 84' lang='lat' dir='ltr'><strong>causa</strong></span> <span class='ocrx_word' id='word_1_482' title='bbox 1325 4157 1376 4209; x_wconf 92' lang='lat' dir='ltr'><strong>sub</strong></span> <span class='ocrx_word' id='word_1_483' title='bbox 1399 4156 1506 4213; x_wconf 88' lang='lat' dir='ltr'><strong>mitiore</strong></span> 
     </span>
     <span class='ocr_line' id='line_1_49' title="bbox 334 4222 1506 4295; baseline 0.001 -17"><span class='ocrx_word' id='word_1_484' title='bbox 334 4225 429 4278; x_wconf 86' lang='lat' dir='ltr'><strong>Italiac</strong></span> <span class='ocrx_word' id='word_1_485' title='bbox 459 4225 594 4279; x_wconf 85' lang='lat' dir='ltr'><strong>inferioris</strong></span> <span class='ocrx_word' id='word_1_486' title='bbox 617 4225 688 4280; x_wconf 88' lang='lat' dir='ltr'><strong>coelo</strong></span> <span class='ocrx_word' id='word_1_487' title='bbox 711 4225 816 4289; x_wconf 80' lang='lat' dir='ltr'><strong>vixisse,</strong></span> <span class='ocrx_word' id='word_1_488' title='bbox 839 4224 907 4278; x_wconf 90' lang='lat' dir='ltr'><strong>illud</strong></span> <span class='ocrx_word' id='word_1_489' title='bbox 931 4225 1099 4295; x_wconf 89' lang='lat' dir='ltr'><strong>septennium</strong></span> <span class='ocrx_word' id='word_1_490' title='bbox 1121 4222 1317 4277; x_wconf 89' lang='lat' dir='ltr'><strong>multominus</strong></span> <span class='ocrx_word' id='word_1_491' title='bbox 1340 4224 1506 4279; x_wconf 87' lang='lat' dir='ltr'><strong>mirabimur.</strong></span> 
     </span>
     <span class='ocr_line' id='line_1_50' title="bbox 334 4290 1508 4360; baseline 0.001 -14"><span class='ocrx_word' id='word_1_492' title='bbox 334 4294 459 4347; x_wconf 88' lang='lat' dir='ltr'><strong>Ceterum</strong></span> <span class='ocrx_word' id='word_1_493' title='bbox 481 4292 516 4346; x_wconf 86' lang='lat' dir='ltr'><strong>ci.</strong></span> <span class='ocrx_word' id='word_1_494' title='bbox 538 4292 643 4346; x_wconf 87' lang='lat' dir='ltr'><strong>adnott.</strong></span> <span class='ocrx_word' id='word_1_495' title='bbox 660 4292 695 4346; x_wconf 92' lang='lat' dir='ltr'><strong>ad</strong></span> <span class='ocrx_word' id='word_1_496' title='bbox 713 4292 830 4355; x_wconf 80' lang='lat' dir='ltr'><strong>Goon,</strong></span> <span class='ocrx_word' id='word_1_497' title='bbox 850 4296 906 4346; x_wconf 82' lang='grc'><strong>511,</strong></span> <span class='ocrx_word' id='word_1_498' title='bbox 926 4294 954 4345; x_wconf 88' lang='lat' dir='ltr'><strong>et</strong></span> <span class='ocrx_word' id='word_1_499' title='bbox 971 4292 1021 4358; x_wconf 86' lang='lat' dir='ltr'>III,</span> <span class='ocrx_word' id='word_1_500' title='bbox 1041 4295 1081 4347; x_wconf 78' lang='lat'><strong>26.</strong></span> <span class='ocrx_word' id='word_1_501' title='bbox 1110 4290 1220 4345; x_wconf 81' lang='lat' dir='ltr'><strong>Tittleri</strong></span> <span class='ocrx_word' id='word_1_502' title='bbox 1236 4290 1333 4360; x_wconf 85' lang='lat' dir='ltr'><strong>Progr.</strong></span> <span class='ocrx_word' id='word_1_503' title='bbox 1357 4292 1443 4346; x_wconf 82' lang='lat' dir='ltr'><strong>Ueber</strong></span> <span class='ocrx_word' id='word_1_504' title='bbox 1461 4295 1508 4348; x_wconf 74' lang='lat' dir='ltr'><strong>die</strong></span> 
     </span>
     <span class='ocr_line' id='line_1_51' title="bbox 334 4359 1508 4433; baseline 0.001 -19"><span class='ocrx_word' id='word_1_505' title='bbox 334 4361 399 4415; x_wconf 83' lang='lat' dir='ltr'><strong>Zeit</strong></span> <span class='ocrx_word' id='word_1_506' title='bbox 417 4363 469 4414; x_wconf 78' lang='lat' dir='ltr'><strong>der</strong></span> <span class='ocrx_word' id='word_1_507' title='bbox 486 4359 732 4433; x_wconf 74' lang='lat' dir='ltr'><strong>Verdffentlicbenp</strong></span> <span class='ocrx_word' id='word_1_508' title='bbox 751 4362 803 4413; x_wconf 78' lang='lat' dir='ltr'><strong>der</strong></span> <span class='ocrx_word' id='word_1_509' title='bbox 823 4359 963 4428; x_wconf 69' lang='lat' dir='ltr'><strong>Georgica</strong></span> <span class='ocrx_word' id='word_1_510' title='bbox 983 4360 1094 4429; x_wconf 72' lang='lat' dir='ltr'><strong>Virgils.</strong></span> <span class='ocrx_word' id='word_1_511' title='bbox 1114 4359 1210 4426; x_wconf 73' lang='lat' dir='ltr'><strong>Briep.</strong></span> <span class='ocrx_word' id='word_1_512' title='bbox 1231 4362 1302 4414; x_wconf 83' lang='grc'><strong>1857.</strong></span> <span class='ocrx_word' id='word_1_513' title='bbox 1322 4361 1350 4413; x_wconf 88' lang='lat' dir='ltr'><strong>et</strong></span> <span class='ocrx_word' id='word_1_514' title='bbox 1367 4359 1508 4415; x_wconf 87' lang='lat' dir='ltr'><strong>Ribbeckii</strong></span> 
     </span>
     <span class='ocr_line' id='line_1_52' title="bbox 334 4426 1507 4498; baseline -0.001 -14"><span class='ocrx_word' id='word_1_515' title='bbox 334 4428 439 4497; x_wconf 88' lang='lat' dir='ltr'><strong>Proleg.</strong></span> <span class='ocrx_word' id='word_1_516' title='bbox 461 4444 488 4497; x_wconf 88' lang='lat' dir='ltr'><strong>p.</strong></span> <span class='ocrx_word' id='word_1_517' title='bbox 513 4430 633 4490; x_wconf 79' lang='grc'><strong>13-21.,</strong></span> <span class='ocrx_word' id='word_1_518' title='bbox 660 4428 706 4497; x_wconf 91' lang='lat' dir='ltr'><strong>qui</strong></span> <span class='ocrx_word' id='word_1_519' title='bbox 733 4427 816 4482; x_wconf 85' lang='lat' dir='ltr'><strong>etism</strong></span> <span class='ocrx_word' id='word_1_520' title='bbox 845 4445 870 4497; x_wconf 90' lang='lat' dir='ltr'><strong>p.</strong></span> <span class='ocrx_word' id='word_1_521' title='bbox 897 4432 935 4482; x_wconf 82' lang='grc'><strong>11.</strong></span> <span class='ocrx_word' id='word_1_522' title='bbox 967 4429 1040 4482; x_wconf 87' lang='lat' dir='ltr'><strong>recte</strong></span> <span class='ocrx_word' id='word_1_523' title='bbox 1069 4426 1192 4496; x_wconf 89' lang='lat' dir='ltr'><strong>disputat</strong></span> <span class='ocrx_word' id='word_1_524' title='bbox 1219 4429 1314 4480; x_wconf 87' lang='lat' dir='ltr'><strong>contra</strong></span> <span class='ocrx_word' id='word_1_525' title='bbox 1336 4426 1507 4498; x_wconf 76' lang='lat' dir='ltr'><strong>Franckinm</strong></span> 
     </span>
     <span class='ocr_line' id='line_1_53' title="bbox 334 4493 1421 4565; baseline -0.001 -15"><span class='ocrx_word' id='word_1_526' title='bbox 334 4497 434 4551; x_wconf 88' lang='lat' dir='ltr'><strong>librum</strong></span> <span class='ocrx_word' id='word_1_527' title='bbox 452 4495 569 4565; x_wconf 90' lang='lat' dir='ltr'><strong>primum</strong></span> <span class='ocrx_word' id='word_1_528' title='bbox 588 4495 685 4563; x_wconf 86' lang='lat' dir='ltr'><strong>Georg.</strong></span> <span class='ocrx_word' id='word_1_529' title='bbox 703 4495 757 4549; x_wconf 89' lang='lat' dir='ltr'><strong>iam</strong></span> <span class='ocrx_word' id='word_1_530' title='bbox 776 4511 799 4550; x_wconf 92' lang='lat' dir='ltr'><strong>s.</strong></span> <span class='ocrx_word' id='word_1_531' title='bbox 815 4499 873 4550; x_wconf 85' lang='grc'><strong>119.</strong></span> <span class='ocrx_word' id='word_1_532' title='bbox 893 4511 1013 4550; x_wconf 88' lang='lat' dir='ltr'><strong>seorsum</strong></span> <span class='ocrx_word' id='word_1_533' title='bbox 1031 4495 1133 4550; x_wconf 87' lang='lat' dir='ltr'><strong>editum</strong></span> <span class='ocrx_word' id='word_1_534' title='bbox 1151 4510 1209 4549; x_wconf 87' lang='grc'><strong>0000</strong></span> <span class='ocrx_word' id='word_1_535' title='bbox 1227 4493 1421 4549; x_wconf 89' lang='lat' dir='ltr'><strong>coniicientem.</strong></span> 
     </span>
    </p>

    <p class='ocr_par' dir='ltr' id='par_1_7' title="bbox 301 4560 1509 5106">
     <span class='ocr_line' id='line_1_54' title="bbox 402 4560 1509 4632; baseline -0.001 -14"><span class='ocrx_word' id='word_1_536' title='bbox 402 4567 445 4628; x_wconf 80' lang='grc'><strong>48)</strong></span> <span class='ocrx_word' id='word_1_537' title='bbox 462 4562 505 4617; x_wconf 85' lang='lat' dir='ltr'><strong>Ad</strong></span> <span class='ocrx_word' id='word_1_538' title='bbox 522 4562 572 4616; x_wconf 91' lang='lat' dir='ltr'><strong>bas</strong></span> <span class='ocrx_word' id='word_1_539' title='bbox 591 4563 758 4617; x_wconf 90' lang='lat' dir='ltr'><strong>mutationes</strong></span> <span class='ocrx_word' id='word_1_540' title='bbox 776 4564 894 4632; x_wconf 90' lang='lat' dir='ltr'><strong>pertinet</strong></span> <span class='ocrx_word' id='word_1_541' title='bbox 912 4562 994 4617; x_wconf 86' lang='lat' dir='ltr'><strong>etiam</strong></span> <span class='ocrx_word' id='word_1_542' title='bbox 1012 4560 1255 4618; x_wconf 86' lang='lat' dir='ltr'><strong>Grammaticorum</strong></span> <span class='ocrx_word' id='word_1_543' title='bbox 1280 4561 1329 4616; x_wconf 91' lang='lat' dir='ltr'><strong>illa</strong></span> <span class='ocrx_word' id='word_1_544' title='bbox 1358 4561 1461 4627; x_wconf 84' lang='lat' dir='ltr'><strong>fabula,</strong></span> <span class='ocrx_word' id='word_1_545' title='bbox 1492 4580 1509 4617; x_wconf 90' lang='lat' dir='ltr'><strong>a</strong></span> 
     </span>
     <span class='ocr_line' id='line_1_55' title="bbox 334 4628 1506 4703; baseline -0.001 -17"><span class='ocrx_word' id='word_1_546' title='bbox 334 4632 454 4703; x_wconf 80' lang='lat' dir='ltr'><strong>Vergilio</strong></span> <span class='ocrx_word' id='word_1_547' title='bbox 472 4631 500 4684; x_wconf 92' lang='lat' dir='ltr'><strong>in</strong></span> <span class='ocrx_word' id='word_1_548' title='bbox 518 4629 573 4685; x_wconf 88' lang='lat' dir='ltr'><strong>Geo</strong></span> <span class='ocrx_word' id='word_1_549' title='bbox 608 4629 655 4683; x_wconf 86' lang='lat' dir='ltr'><strong>&#39;cis</strong></span> <span class='ocrx_word' id='word_1_550' title='bbox 685 4633 792 4700; x_wconf 84' lang='lat' dir='ltr'><strong>praeter</strong></span> <span class='ocrx_word' id='word_1_551' title='bbox 810 4630 987 4686; x_wconf 83' lang='lat' dir='ltr'><strong>Octavianum</strong></span> <span class='ocrx_word' id='word_1_552' title='bbox 1020 4634 1048 4686; x_wconf 91' lang='lat' dir='ltr'><strong>et</strong></span> <span class='ocrx_word' id='word_1_553' title='bbox 1064 4630 1247 4685; x_wconf 84' lang='lat' dir='ltr'><strong>Maecenatem</strong></span> <span class='ocrx_word' id='word_1_554' title='bbox 1266 4630 1310 4697; x_wconf 87' lang='grc'><strong>(01.</strong></span> <span class='ocrx_word' id='word_1_555' title='bbox 1329 4628 1392 4683; x_wconf 90' lang='lat' dir='ltr'><strong>Geo.</strong></span> <span class='ocrx_word' id='word_1_556' title='bbox 1409 4631 1432 4698; x_wconf 88' lang='lat'><strong>1,</strong></span> <span class='ocrx_word' id='word_1_557' title='bbox 1450 4635 1506 4685; x_wconf 81' lang='lat'><strong>500.</strong></span> 
     </span>
     <span class='ocr_line' id='line_1_56' title="bbox 335 4695 1508 4767; baseline 0.001 -14"><span class='ocrx_word' id='word_1_558' title='bbox 335 4700 386 4765; x_wconf 90' lang='lat'>111,</span> <span class='ocrx_word' id='word_1_559' title='bbox 406 4704 445 4754; x_wconf 91' lang='grc'><strong>16.</strong></span> <span class='ocrx_word' id='word_1_560' title='bbox 464 4730 498 4738; x_wconf 94' lang='grc'>-</span> <span class='ocrx_word' id='word_1_561' title='bbox 515 4698 537 4767; x_wconf 83' lang='grc' dir='ltr'><strong>Ι,</strong></span> <span class='ocrx_word' id='word_1_562' title='bbox 555 4700 578 4751; x_wconf 84' lang='lat'><strong>2.</strong></span> <span class='ocrx_word' id='word_1_563' title='bbox 612 4698 635 4761; x_wconf 88' lang='lat'><strong>1,</strong></span> <span class='ocrx_word' id='word_1_564' title='bbox 654 4702 694 4753; x_wconf 79' lang='lat'><strong>40.</strong></span> <span class='ocrx_word' id='word_1_565' title='bbox 714 4700 764 4764; x_wconf 91' lang='lat'>111,</span> <span class='ocrx_word' id='word_1_566' title='bbox 781 4702 822 4753; x_wconf 78' lang='lat'><strong>42.</strong></span> <span class='ocrx_word' id='word_1_567' title='bbox 841 4701 905 4767; x_wconf 91' lang='lat' dir='ltr'><strong>etc.)</strong></span> <span class='ocrx_word' id='word_1_568' title='bbox 924 4698 1006 4754; x_wconf 88' lang='lat' dir='ltr'><strong>etiam</strong></span> <span class='ocrx_word' id='word_1_569' title='bbox 1026 4699 1104 4752; x_wconf 84' lang='lat' dir='ltr'><strong>Corn.</strong></span> <span class='ocrx_word' id='word_1_570' title='bbox 1124 4696 1232 4752; x_wconf 87' lang='lat' dir='ltr'><strong>Gallum</strong></span> <span class='ocrx_word' id='word_1_571' title='bbox 1253 4695 1379 4751; x_wconf 89' lang='lat' dir='ltr'><strong>laudibus</strong></span> <span class='ocrx_word' id='word_1_572' title='bbox 1397 4713 1508 4753; x_wconf 80' lang='lat' dir='ltr'><strong>exorna·</strong></span> 
     </span>
     <span class='ocr_line' id='line_1_57' title="bbox 336 4764 1507 4885; baseline 0.002 -66"><span class='ocrx_word' id='word_1_573' title='bbox 336 4770 394 4820; x_wconf 89' lang='lat' dir='ltr'><strong>tum</strong></span> <span class='ocrx_word' id='word_1_574' title='bbox 425 4767 516 4834; x_wconf 81' lang='lat' dir='ltr'><strong>luisse,</strong></span> <span class='ocrx_word' id='word_1_575' title='bbox 542 4765 588 4819; x_wconf 91' lang='lat' dir='ltr'><strong>sed</strong></span> <span class='ocrx_word' id='word_1_576' title='bbox 614 4767 703 4845; x_wconf 80' lang='lat' dir='ltr'><strong>totum</strong></span> <span class='ocrx_word' id='word_1_577' title='bbox 732 4766 803 4821; x_wconf 89' lang='lat' dir='ltr'><strong>bunc</strong></span> <span class='ocrx_word' id='word_1_578' title='bbox 821 4767 885 4821; x_wconf 91' lang='lat' dir='ltr'><strong>libri</strong></span> <span class='ocrx_word' id='word_1_579' title='bbox 902 4767 948 4821; x_wconf 87' lang='lat' dir='ltr'><strong>IV.</strong></span> <span class='ocrx_word' id='word_1_580' title='bbox 968 4766 1056 4821; x_wconf 89' lang='lat' dir='ltr'><strong>locum</strong></span> <span class='ocrx_word' id='word_1_581' title='bbox 1076 4766 1138 4835; x_wconf 89' lang='lat' dir='ltr'><strong>post</strong></span> <span class='ocrx_word' id='word_1_582' title='bbox 1154 4764 1235 4819; x_wconf 88' lang='lat' dir='ltr'><strong>buius</strong></span> <span class='ocrx_word' id='word_1_583' title='bbox 1252 4766 1366 4818; x_wconf 90' lang='lat' dir='ltr'><strong>mortem</strong></span> <span class='ocrx_word' id='word_1_584' title='bbox 1372 4768 1420 4885; x_wconf 45' lang='lat' dir='ltr'><strong>ga.</strong></span> <span class='ocrx_word' id='word_1_585' title='bbox 1438 4769 1507 4829; x_wconf 78' lang='grc'><strong>728.)</strong></span> 
     </span>
     <span class='ocr_line' id='line_1_58' title="bbox 301 4830 1508 4897; baseline 0 -8"><span class='ocrx_word' id='word_1_586' title='bbox 301 4874 306 4881; x_wconf 71' lang='lat'><strong>·</strong></span> <span class='ocrx_word' id='word_1_587' title='bbox 336 4835 483 4889; x_wconf 81' lang='lat' dir='ltr'><strong>Octaviano</strong></span> <span class='ocrx_word' id='word_1_588' title='bbox 501 4834 611 4888; x_wconf 88' lang='lat' dir='ltr'><strong>iubente</strong></span> <span class='ocrx_word' id='word_1_589' title='bbox 630 4850 658 4887; x_wconf 88' lang='lat' dir='ltr'><strong>m</strong></span> <span class='ocrx_word' id='word_1_590' title='bbox 676 4834 794 4890; x_wconf 83' lang='lat' dir='ltr'><strong>Aristaei</strong></span> <span class='ocrx_word' id='word_1_591' title='bbox 816 4835 938 4889; x_wconf 85' lang='lat' dir='ltr'><strong>fabulam</strong></span> <span class='ocrx_word' id='word_1_592' title='bbox 957 4835 1094 4888; x_wconf 91' lang='lat' dir='ltr'><strong>mutatum</strong></span> <span class='ocrx_word' id='word_1_593' title='bbox 1113 4849 1179 4887; x_wconf 90' lang='lat' dir='ltr'><strong>esse.</strong></span> <span class='ocrx_word' id='word_1_594' title='bbox 1215 4830 1353 4897; x_wconf 83' lang='lat' dir='ltr'><strong>Quomodo</strong></span> <span class='ocrx_word' id='word_1_595' title='bbox 1397 4850 1426 4888; x_wconf 90' lang='lat' dir='ltr'><strong>er</strong></span> <span class='ocrx_word' id='word_1_596' title='bbox 1447 4834 1508 4889; x_wconf 81' lang='lat' dir='ltr'><strong>‘&#39;cs</strong></span> 
     </span>
     <span class='ocr_line' id='line_1_59' title="bbox 336 4899 1507 5025; baseline 0.002 -70"><span class='ocrx_word' id='word_1_597' title='bbox 336 4902 439 5023; x_wconf 61' lang='lat' dir='ltr'><strong>ipsp2i2n</strong></span> <span class='ocrx_word' id='word_1_598' title='bbox 457 4901 631 5025; x_wconf 57' lang='lat' dir='ltr'><strong>fim⁰¹¹d⁸¹¹tdi3</strong></span> <span class='ocrx_word' id='word_1_599' title='bbox 647 4901 786 5025; x_wconf 51' lang='lat' dir='ltr'><strong>Georgicis</strong></span> <span class='ocrx_word' id='word_1_600' title='bbox 808 4906 931 4959; x_wconf 76' lang='lat' dir='ltr'><strong>versatus</strong></span> <span class='ocrx_word' id='word_1_601' title='bbox 953 4901 999 4969; x_wconf 71' lang='lat' dir='ltr'><strong>sit,</strong></span> <span class='ocrx_word' id='word_1_602' title='bbox 1016 4901 1185 4969; x_wconf 81' lang='lat' dir='ltr'><strong>Peerlkamp.</strong></span> <span class='ocrx_word' id='word_1_603' title='bbox 1205 4900 1232 4952; x_wconf 91' lang='lat' dir='ltr'><strong>in</strong></span> <span class='ocrx_word' id='word_1_604' title='bbox 1249 4899 1377 4955; x_wconf 84' lang='lat' dir='ltr'><strong>Muemcs.</strong></span> <span class='ocrx_word' id='word_1_605' title='bbox 1396 4902 1456 4957; x_wconf 89' lang='lat' dir='ltr'><strong>Vc.</strong></span> <span class='ocrx_word' id='word_1_606' title='bbox 1474 4902 1507 4957; x_wconf 88' lang='lat' dir='ltr'><strong>X.</strong></span> 
     </span>
     <span class='ocr_line' id='line_1_60' title="bbox 356 4987 667 5027; baseline 0.013 -4"><span class='ocrx_word' id='word_1_607' title='bbox 356 5010 362 5023; x_wconf 94' lang='lat'><strong>.</strong></span> <span class='ocrx_word' id='word_1_608' title='bbox 433 5010 439 5021; x_wconf 93' lang='lat'><strong>.</strong></span> <span class='ocrx_word' id='word_1_609' title='bbox 476 4987 549 5026; x_wconf 79' lang='lat' dir='ltr'><strong>orere</strong></span> <span class='ocrx_word' id='word_1_610' title='bbox 567 4987 612 5025; x_wconf 88' lang='lat' dir='ltr'><strong>su</strong></span> <span class='ocrx_word' id='word_1_611' title='bbox 633 4987 667 5027; x_wconf 89' lang='lat' dir='ltr'><strong>e.</strong></span> 
     </span>
     <span class='ocr_line' id='line_1_61' title="bbox 336 4988 1509 5106; baseline -0.003 -11"><span class='ocrx_word' id='word_1_612' title='bbox 336 4988 354 5041; x_wconf 72' lang='lat' dir='ltr'>p</span> <span class='ocrx_word' id='word_1_613' title='bbox 404 5037 852 5106; x_wconf 74' lang='lat' dir='ltr'><strong>49)Nametiamverbsills11,</strong></span> <span class='ocrx_word' id='word_1_614' title='bbox 872 5040 930 5091; x_wconf 82' lang='grc'><strong>491.</strong></span> <span class='ocrx_word' id='word_1_615' title='bbox 969 5037 1027 5091; x_wconf 80' lang='lat' dir='ltr'><strong>Aut</strong></span> <span class='ocrx_word' id='word_1_616' title='bbox 1055 5036 1199 5092; x_wconf 81' lang='lat' dir='ltr'><strong>coniurato</strong></span> <span class='ocrx_word' id='word_1_617' title='bbox 1228 5037 1393 5091; x_wconf 77' lang='lat' dir='ltr'><strong>descerdens</strong></span> <span class='ocrx_word' id='word_1_618' title='bbox 1411 5037 1509 5091; x_wconf 77' lang='lat' dir='ltr'><strong>Deera</strong></span> 
     </span>
    </p>
   </div>
   <div class='ocr_carea' id='block_1_7' title="bbox 0 0 1701 5725">
    <p class='ocr_par' dir='ltr' id='par_1_8' title="bbox 0 0 1701 5725">
     <span class='ocr_line' id='line_1_62' title="bbox 0 0 1701 5725; baseline 0 0"><span class='ocrx_word' id='word_1_619' title='bbox 0 0 1701 5725; x_wconf 95' lang='lat' dir='ltr'><strong> </strong></span> 
     </span>
    </p>
   </div>
  </div>
 </body>
</html>
