3359 5725
342 575 404 643 206
698 572 735 641 P.
755 572 943 640 VERGILI
962 573 1163 643 MARONIS

343 739 521 805 Tartareas
542 740 640 805 etiam
663 738 767 821 sedes,
790 738 858 804 alta
875 741 959 805 ostia
980 740 1078 823 Ditis,

342 822 385 886 Et
407 823 562 888 scelerum
585 844 708 908 poenas
728 832 761 887 et
781 831 822 905 te,
848 822 999 904 Catilina,
1020 825 1140 889 minaci

341 906 539 971 Pendentem
561 904 694 993 scopulo
715 906 955 992 Furiarumque
977 928 1035 971 ora
1053 915 1244 972 trementem

341 988 555 1076 Secretusque
577 990 667 1075 pios3
689 988 740 1054 his
762 989 892 1054 dantem
913 991 986 1054 iura
1007 988 1172 1056 Catonem.

341 1194 549 1206 ...μ

339 1342 469 1398 Niebuhr.
488 1340 568 1395 Rb'm.
587 1339 684 1393 Geeeb.
713 1336 770 1392 Vol.
791 1336 813 1390 I.
834 1338 891 1390 not.
912 1341 969 1392 977.
988 1339 1017 1391 et
1034 1338 1149 1408 Wagnl,
1172 1338 1259 1392 161166
1282 1342 1374 1394 antem
1396 1341 1511 1397 Sabinus

339 1410 461 1465 delicata
478 1408 506 1477 (i.
527 1425 548 1462 e.
569 1423 637 1476 quaa
655 1408 720 1459 aunt
737 1403 860 1458 mollium
879 1406 908 1458 et
924 1404 1266 1487 delicatorum-hominnm)
1284 1422 1315 1461 ex
1350 1409 1421 1464 nit.“
1439 1411 1512 1466 Haec

338 1478 394 1532 fere
412 1478 500 1547 Heyn.
535 1475 578 1529 Cf.
596 1475 678 1529 etiam
695 1472 904 1535 66666116
924 1474 1065 1539 feraci-ram.
1099 1472 1203 1528 Peerlli.
1235 1474 1308 1541 pilen
1368 1492 1383 1530 e
1413 1478 1510 1533 simine

338 1548 421 1609 terta,
444 1560 498 1598 non
520 1544 618 1612 lignea,
642 1541 739 1606 1111666,
762 1555 794 1593 ex
815 1538 867 1594 hoc
896 1539 1017 1608 epitheto
1044 1540 1185 1595 concludit.
1205 1571 1238 1581 -
1256 1544 1331 1609 Quae
1360 1560 1389 1598 se
1409 1550 1510 1600 unntnr

338 1612 593 1734 1666161
628 1609 715 1729 tlt·
731 1606 1220 1731 660166166616661
1237 1610 1408 1732 libbi,
1423 1629 1517 1734 etl

337 1698 460 1817 dxpoilat,
479 1696 532 1800 iloii
549 1692 637 1808 ridell:
652 1691 821 1814 qualeqhaec
838 1742 927 1797 6116116
943 1742 977 1797 ab
996 1743 1021 1798 li.
1043 1744 1060 1796 l.
1081 1744 1272 1798 existimemus.
1331 1747 1384 1799 nod
1412 1747 1435 1799 si
1458 1722 1511 1801 alid

339 1815 472 1883 quaedam
501 1812 646 1873 desideres,
681 1827 712 1865 ea
741 1810 775 1863 de
801 1810 936 1864 industria
963 1811 1054 1864 omisit
1089 1814 1159 1874 oeta,
1187 1812 1322 1881 qnippeli
1342 1830 1372 1867 ro
1392 1814 1436 1869 vl.
1456 1815 1510 1869 iam

339 1882 577 1947 commemorata;“
602 1893 670 2000 Ψ
687 1881 778 1931 tamen
797 1893 852 1930 non
869 1878 1044 1932 satisfaciunt
1083 1878 1254 1947 eerlliampio,
1272 1880 1318 1949 qui
1336 1884 1364 1933 et
1382 1881 1440 1949 ipse
1469 1886 1511 1935 to-

338 1953 398 2004 tum
417 1950 488 2003 liniic
506 1948 594 2002 locum
648 1946 696 2000 bet
715 1944 846 2014 spurium,
883 1946 1044 1999 nemetiam
1063 1945 1190 2000 Ribbeck.
1209 1950 1290 2015 poeta
1310 1949 1403 2001 nostro
1434 1966 1509 2003 arum

337 2017 448 2087 dignum
482 2017 574 2070 censet
605 2013 650 2081 (cf.
680 2012 838 2092 etiameius
856 1962 1014 2093 3161666.
1032 2015 1094 2078 86),
1118 2013 1269 2081 Conington
1294 2030 1357 2068 sero
1379 1965 1508 2071 delendit.

336 2114 369 2124 -—
400 2085 489 2137 Hine
516 2082 652 2152 procat,
684 2097 712 2134 in
741 2096 797 2134 ima
827 2082 905 2149 parte
936 2081 1022 2150 chpei.
1057 2081 1100 2134 Cf.
1127 2097 1151 2136 r.
1179 2085 1237 2135 652.
1257 2111 1288 2121 -
1308 2082 1340 2135 V.
1359 2080 1426 2143 667.
1454 2101 1505 2137 nno

339 2151 469 2205 vocabulo
482 2151 588 2204 mutato
608 2149 724 2202 iteratus
741 2164 772 2201 ex
783 2146 849 2202 Geo.
864 2147 910 2211 IV,
922 2152 980 2202 461.
994 2180 1025 2188 -
1037 2149 1125 2201 ertia
1142 2149 1253 2213 Ditis,
1274 2149 1357 2229 „quia
1368 2150 1460 2204 aditus
1477 2151 1510 2206 ad

336 2219 480 2273 Tartarum
509 2218 585 2285 patet
610 2215 736 2295 610166.
767 2214 808 2271 Cf.
831 2216 878 2277 Vl,
898 2220 946 2268 577
965 2218 1043 2295 sqq.“
1075 2216 1175 2296 Wapn.
1204 2214 1246 2269 Cf.
1275 2220 1357 2270 etiarn
1376 2217 1443 2272 Geo.
1462 2220 1507 2281 iv,

336 2290 394 2341 461.
424 2288 579 2340 Taenariae
608 2291 690 2337 616661
711 2284 823 2351 saiwai,
850 2284 910 2336 alta
938 2290 1009 2337 oeno
1037 2284 1122 2336 Ditis.
1142 2315 1175 2324 -
1192 2281 1257 2344 668.
1285 2283 1357 2347 „Pro
1387 2285 1509 2340 Catulino

335 2356 414 2408 erant
440 2352 514 2407 haud
544 2351 632 2415 dubie,
660 2367 727 2419 quos
757 2350 836 2403 malis
854 2351 983 2420 supplicio
1000 2350 1110 2404 allectos
1128 2350 1226 2404 videre.
1261 2351 1313 2406 Sed
1330 2368 1427 2431 pamm
1447 2371 1508 2423 prn-

335 2421 431 2475 denter
449 2422 589 2490 minusque
607 2419 702 2473 decore
714 2420 799 2497 poeta
816 2417 931 2472 Marium
961 2418 1005 2499 vel
1022 2418 1134 2498 Sullam,
1154 2418 1277 2483 Cinnam,
1304 2418 1432 2499 ahpinse,
1463 2421 1507 2491 qni

334 2485 1508 2634 66661111161366611666666166666616666

334 2626 423 2677 tracta
452 2624 490 2677 rei
507 2623 576 2676 facie
595 2639 612 2675 a
628 2620 788 2674 Prometheo
808 2636 869 2687 rupi
886 2620 1008 2687 alligato.
1043 2620 1096 2674 Pro
1124 2620 1232 2675 vulture
1258 2621 1385 2676 adsident
1402 2623 1505 2679 Furiae.

332 2720 365 2730 -
384 2692 542 2744 minacem
557 2707 615 2742 aco
643 2688 743 2748 ulum,
763 2691 902 2756 tamquam
920 2688 1056 2741 ruiturum
1076 2690 1104 2741 et
1123 2689 1201 2743 ruins
1214 2705 1275 2743 eum
1287 2694 1506 2758 oppressurum.“

336 2758 426 2827 Heye.
445 2758 487 2811 Cl.
507 2758 572 2811 Aen.
591 2757 604 2808 Ι
621 2797 628 2819 ,
647 2759 705 2808 628.
724 2755 813 2824 ibique
831 2755 938 2808 adnett.
974 2755 1088 2810 llenrico
1105 2756 1174 2822 (Tae.
1191 2773 1272 2826 years
1289 2773 1316 2825 p.
1335 2761 1389 2823 61.)
1414 2760 1507 2812 minae

331 2823 377 2879 hic
407 2824 475 2880 nihil
510 2823 584 2878 aliud
613 2825 656 2877 est
684 2822 736 2876 nisi
766 2822 908 2876 minaciter
936 2839 1048 2892 surgens
1082 2829 1110 2892 (a
1140 2824 1454 2894 threateninp-loolei'np,
1489 2845 1506 2881 a

332 2894 408 2959 bold,
439 2893 571 2961 towertnq
596 2892 677 2961 cliffb.
705 2920 738 2929 -
767 2890 953 2944 Feriarum
981 2910 1042 2945 ora
1070 2899 1263 2946 trementem.
1299 2892 1341 2945 Cf.
1360 2911 1392 2947 sii
1412 2911 1443 2948 ra
1461 2894 1505 2960 vl,

331 2965 380 3016 666
400 2978 458 3030 sqq.
493 2960 533 3014 De
551 2963 690 3013 structura
707 2965 819 3011 61616616
836 2958 949 3026 aliquid
966 2958 1018 3012 vid.
1039 2958 1074 3013 ad
1094 2959 1145 3020 III,
1164 2965 1221 3013 648.
1243 2990 1274 2999 -
1297 2959 1361 3020 670.
1385 2910 1504 3015 deere-

331 3029 551 3099 toeqacpr'oe.
586 3025 1341 3104 vid.supravl,540sq.etflor.0d.11,13,22.
1376 3029 1504 3082 Eliadi-

331 3105 436 3150 enntem
465 3096 584 3149 6111161166
608 3095 729 3148 Aeonem
751 3093 891 3162 Sedeequa
950 3101 1054 3147 aerem
1077 3095 1199 3164 piorum.
1235 3094 1381 3150 Praeterea
1402 3096 1437 3149 ef.
1458 3097 1503 3163 VI,

330 3168 389 3218 418.
402 3181 472 3233 qima
484 3164 555 3217 ballo
574 3162 648 3215 clari
662 3168 765 3215 recreta
777 3163 968 3230 frequentant.
989 3191 1022 3200 -
1038 3162 1099 3217 bis.
1118 3161 1224 3216 Laden.
1249 3178 1307 3215 rece
1327 3162 1351 3216 it
1368 3165 1503 3218 coniectu·

330 3247 389 3285 ram
408 3248 485 3285 suam
503 3232 556 3292 lic,
574 3246 655 3300 quain
673 3230 701 3282 iii
719 3229 760 3299 Ap
780 3229 839 3283 end.
878 3232 961 3283 ,261
990 3233 1084 3282 centra
1102 3229 1197 3298 Wagn.
1227 3178 1370 3284 defendere
1402 3231 1503 3291 studet,

329 3303 411 3363 recte,
441 3302 516 3366 puto,
545 3299 619 3376 impu
659 3299 721 3350 stus
742 3246 778 3350 ad
797 3297 839 3349 Ho
862 3313 959 3349 manno
976 3296 1002 3348 in
1021 3297 1154 3351 Zeitecbr.
1175 3300 1226 3351 etc.
1247 3300 1319 3352 1863.
1337 3316 1364 3418 p.
1383 3303 1443 3353 886.
1477 3299 1502 3352 Si

330 3366 401 3419 eniin
421 3364 568 3431 contendit,
585 3381 613 3418 in
653 3363 740 3432 lysio
758 3380 845 3433 neque
862 3363 959 3417 iudicis
976 3379 1061 3431 neque
1078 3363 1244 3433 legislatoris
1260 3381 1318 3418 esse
1348 3381 1437 3431 ocum,
1456 3366 1502 3420 boe

330 3448 394 3486 sane
413 3432 436 3485 ei
454 3431 653 3485 concedendum
670 3433 721 3493 eat,
742 3430 790 3484 scd
810 3430 872 3499 quid
891 3430 1013 3498 impedit,
1035 3431 1176 3500 quominus
1196 3448 1257 3486 cuin
1276 3433 1370 3499 Waqn.
1390 3435 1419 3487 in
1439 3434 1501 3487 Phi·

329 3498 373 3552 lcl.
392 3499 486 3579 Suppl.
504 3499 526 3553 1.
547 3514 573 3567 p.
591 3503 651 3552 469.
669 3514 816 3561 6611161666,
837 3496 985 3560 „Catonem
1003 3501 1113 3567 propter
1130 3515 1234 3553 morum
1265 3501 1439 3555 sanctitatem
1469 3501 1501 3554 ab

329 3566 432 3619 umbris
450 3583 478 3619 iii
497 3565 589 3634 Elysio
607 3564 768 3634 degentibus
787 3564 923 3617 observari
940 3566 1077 3634 tamquam
1099 3583 1198 3635 regern,
1222 3568 1297 3621 cuius
1320 3568 1354 3621 ad
1379 3569 1501 3622 volunta·

328 3637 383 3686 tem
395 3633 591 3702 arbitriumque
600 3631 716 3687 libenter
725 3648 753 3686 se
765 3632 966 3700 6666666661)ιι
981 3633 1071 3687 Etiam
1082 3633 1191 3703 Haupt,
1203 3634 1339 3701 Ribbeck,
1351 3635 1500 3705 Conington

328 3703 356 3753 et
378 3700 497 3754 Bennist.
515 3699 598 3753 Codd.
628 3698 769 3753 lectionem
796 3699 854 3753 inre
883 3703 1034 3754 servarunt.
1067 3730 1097 3739 -
1125 3701 1307 3768 „Catonem
1353 3704 1390 3756 iia
1422 3706 1501 3757 iarn

328 3769 470 3835 dantem,
500 3767 516 3822 i.
535 3783 557 3821 e.
577 3783 624 3836 pro
652 3766 739 3821 iudice
768 3765 914 3832 sedentem,
943 3770 975 3820 ut
992 3767 1107 3822 alterum
1125 3769 1241 3823 Minoem
1270 3769 1313 3823 iel
1374 3770 1500 3825 adaman·

328 3834 417 3899 thnm,
439 3836 499 3916 quis
519 3850 578 3914 11611Ι
591 3834 705 3915 miratus
725 3835 788 3888 est?
822 3834 863 3888 De
883 3834 985 3914 066666
1006 3835 1127 3915 llticenei
1143 3837 1203 3916 agi,
1227 3837 1360 3906 liquidum
1389 3842 1432 3892 est
1459 3837 1500 3893 sel

327 3902 1500 4051 6166611116·1116,66166666,61616666666

347 4055 381 4092 uo
402 4039 489 4109 magis
505 4055 577 4094 vana
604 4041 646 4092 est
664 3987 749 4092 gerru
779 4037 892 4092 aliorum
913 4054 946 4091 uc
977 4038 1113 4092 dubitatio
1141 4040 1299 4104 verentium,
1327 4057 1361 4095 ne
1377 4042 1500 4110 Angusto

327 4055 439 4160 Catonis
458 4108 587 4161 memoria
603 4123 701 4188 parurn
719 4108 799 4175 grata
815 4122 873 4160 esse
891 4055 1021 4160 debuerit.
1056 4106 1108 4161 Sed
1138 4106 1188 4161 lioc
1217 4107 1342 4162 refellere
1371 4108 1425 4163 iani
1455 4109 1500 4163 alii

327 4173 500 4236 stnduernnt,
530 4175 663 4243 imprimis
680 4173 715 4228 ad
734 4175 799 4227 Hor.
819 4174 911 4236 0d.1,
932 4176 1052 4236 11,35.“
1080 4174 1167 4242 Heyn.
1196 4174 1285 4229 Etiam
1304 4176 1500 4244 176360666-

326 4255 388 4293 neni
406 4242 534 4295 maiorem
556 4259 577 4295 s.
596 4242 742 4295 Censorem
761 4245 904 4310 propterca
927 4257 980 4294 non
997 4240 1076 4294 facile
1105 4242 1223 4311 intelligi
1251 4259 1329 4311 posse
1359 4247 1499 4310 memorat,

327 4307 397 4376 quod
415 4307 472 4360 eius
490 4309 542 4361 iarn
561 4324 644 4377 supra
662 4308 708 4370 VI,
727 4311 784 4363 842.
802 4309 904 4363 mentio
924 4309 961 4362 sit
977 4308 1059 4371 iacta,
1079 4310 1151 4377 qnod
1169 4309 1367 4391 tamen‘longa
1389 4311 1499 4365 minoris

326 4377 369 4428 est
387 4375 525 4436 momenti,
562 4391 625 4428 uani
643 4373 791 4428 difficultas
809 4375 864 4429 iani
881 4375 956 4444 prius
973 4392 991 4429 6
1007 4376 1170 4446 quibusdam
1187 4377 1252 4430 siris
1269 4377 1357 4432 doctis
1374 4383 1404 4432 et
1414 4395 1499 4448 nuper

326 4458 419 4496 rursus
436 4457 454 4495 a
470 4392 573 4521 Peerllr.
592 4442 636 4495 hic
653 4442 771 4505 inventa,
801 4442 920 4511 quodsi
948 4442 992 4496 hic
1020 4443 1053 4497 de
1079 4443 1199 4499 Uticensi
1226 4445 1339 4514 cogitari
1368 4446 1497 4501 voluisset

326 4510 381 4565 Ver
400 4509 471 4573 ilina,
491 4509 619 4578 sibiipsa
638 4509 853 4572 contradixisset,
872 4511 997 4575 cumlll,
1016 4514 1075 4564 434.
1094 4528 1147 4575 666,
1197 4512 1223 4565 61
1241 4513 1295 4582 ipsi
1325 4513 1379 4567 sibi
1403 4530 1498 4568 manus

324 4526 490 4642 intulissent,
508 4593 560 4629 non
578 4577 606 4630 in
625 4577 764 4631 beatorum
782 4577 899 4642 sedibus,
925 4577 971 4658 sed
989 4578 1042 4631 alio
1058 4577 1086 4631 iii
1105 4579 1167 4634 Orci
1178 4529 1242 4634 loco
1259 4584 1399 4635 1616666116
1417 4581 1497 4635 linie-

325 4646 376 4710 rit;
406 4662 487 4716 qnam
506 4660 641 4698 removere
660 4660 723 4697 nuni
743 4645 846 4700 'l'hielio
864 4647 976 4699 cesserit
999 4646 1180 4710 contendenti,
1211 4648 1343 4702 Catonem
1371 4663 1390 4702 a
1419 4651 1497 4728 pocta

344 4715 415 4768 otius
433 4712 602 4768 adnumerari
620 4712 654 4765 ob
667 4714 793 4782 patriam
819 4713 935 4767 videare
958 4713 1053 4782 poene
1069 4714 1127 4782 (Vl,
1146 4715 1223 4780 666),
1253 4715 1377 4770 dubitare
1407 4716 1496 4770 liceat.

325 4729 519 4850 5666166661
541 4780 595 4835 'tur
614 4796 656 4833 ine
676 4795 729 4833 6611
760 4781 827 4850 ugit,
846 4797 927 4850 quam
945 4780 1087 4835 honorifice
1105 4785 1208 4837 veteres
1225 4782 1259 4837 de
1275 4784 1387 4837 Catenis
1417 4783 1496 4837 caede

324 4847 470 4917 loquantur
496 4797 856 4915 (cllllcr.0d.l,12,35.
887 4848 1000 4901 clitonis
1022 4848 1113 4902 666116
1139 4849 1230 4903 laram.
1265 4850 1358 4906 Manil.
1382 4850 1430 4915 IV,
1455 4853 1492 4904 81.

325 4923 350 4968 et
367 4918 496 4972 insanae
512 4918 620 4972 dwictn
636 4921 723 4969 morte
741 4915 877 4971 Catonem.
901 4915 970 4969 Vell.
987 4915 1048 4969 Pet.
1066 4915 1104 4979 11,
1128 4922 1169 4972 35.
1189 4917 1289 4973 Lucan.
1306 4918 1329 4985 1,
1350 4921 1405 4973 its.
1423 4919 1493 4986 666),

324 4983 414 5039 tamen
428 4986 516 5038 satim
526 4985 634 5040 videtur
651 4999 711 5038 cum
723 4984 908 5052 Hertabergio,
928 4982 1035 5037 Laden.
1053 4985 1082 5037 et
1093 4985 1254 5039 Hoffmanno
1270 4985 1289 5040 l.
1307 4985 1328 5040 l.
1347 4985 1379 5039 de
1392 4985 1494 5041 Catone
