3359 5725
314 589 374 649 252
668 583 705 649 P.
726 582 914 649 VERGILI
934 582 1135 650 MARONIS

313 749 349 813 Si
369 771 451 814 vero
470 770 587 835 capere
608 747 735 813 ltaliam
758 749 961 835 sceptrisque
985 749 1084 835 potiri

314 832 496 915 contigerit
517 832 684 897 victorici
706 832 850 918 praedae
872 831 981 898 dicere
1005 842 1141 897 sortem:
1215 869 1216 872 ι

314 914 444 994 Vidisti,
469 936 532 1014 quo
555 914 685 980 Turnus
707 937 800 1002 equo,
821 914 938 1002 quibus
959 914 1030 979 ibat
1050 918 1084 980 in
1106 917 1205 979 ermis

313 998 458 1080 Aureus3
481 1020 588 1085 ipsum
608 997 708 1076 illum,
730 997 869 1085 clipeum
893 1000 1074 1083 cristasque
1094 997 1239 1063 rubentis
1435 1010 1481 1060 eto

313 1080 488 1166 Excipiam
511 1081 599 1156 sorti,
621 1083 688 1145 iam
709 1104 795 1145 nune
819 1090 876 1145 tua
895 1083 1053 1167 praemia,
1077 1082 1163 1147 Nise.

313 1164 490 1230 Praeterea
512 1163 562 1228 bis
584 1187 642 1228 sex
665 1166 793 1249 genitor
814 1163 993 1229 lectissima
1016 1175 1156 1229 matrum

315 1247 464 1333 Corpora
486 1247 700 1335 captivosque
723 1245 815 1312 dabit
836 1269 960 1334 suaque
982 1247 1130 1313 omnibus
1154 1270 1266 1327 arma,

315 1434 521 1443 m

314 1547 464 1607 sententiae
482 1548 694 1616 subscripserim.
714 1577 747 1586 ——
767 1545 831 1608 267.
852 1547 1017 1616 Comparari
1033 1547 1114 1600 Hom.
1134 1547 1167 1600 ΙΙ.
1186 1547 1232 1607 ΙΙΙ,
1254 1550 1300 1599 135
1313 1562 1371 1614 sqq.
1393 1546 1433 1599 Si
1444 1576 1455 1587 -
1467 1576 1484 1610 ·,

319 1615 447 1669 Vidisti
464 1644 476 1657 ·
495 1645 520 1682 ·‚
539 1617 644 1685 ipsum
669 1616 764 1670 illum
781 1619 831 1669 etc.
867 1616 908 1668 Cf.
931 1614 1006 1668 locus
1037 1615 1162 1669 similiter
1190 1615 1374 1667 conformatus
1407 1630 1486 1681 supra

313 1699 338 1736 v.
360 1687 407 1736 194
425 1700 464 1751 sq.
484 1713 515 1722 -
531 1691 669 1754 sceptro
691 1698 739 1751 pro
757 1699 848 1751 regno.
878 1682 1096 1736 (1193991191
1119 1682 1178 1747 Vll,
1202 1684 1258 1734 422.
1278 1712 1310 1718 -
1328 1678 1395 1741 268.
1419 1683 1486 1735 vic·

314 1751 396 1818 tori,
425 1751 483 1806 scil.
512 1751 586 1804 mibi.
622 1751 664 1804 Cf.
683 1749 787 1805 sdnott.
811 1750 845 1805 ad
869 1750 905 1812 ll,
925 1754 966 1804 19.
990 1753 1047 1804 611.
1077 1749 1128 1816 ΙΙΙ,
1157 1752 1215 1803 380.
1242 1748 1288 1815 VI,
1312 1751 1371 1801 687.
1390 1748 1427 1803 al.
1455 1779 1486 1788 -

311 1822 462 1940 graeciae
489 1816 688 1938 “eiiij-⁰⁸⁸³}
706 1820 833 1940 (pipcetres
854 1824 983 1898 sortem.
1001 1817 1044 1871 Sic
1049 1834 1117 1937 1prpn
1117 1817 1190 1937 pplg
1189 1815 1486 1938 ugsffipeefillneldwlzal,

314 1902 422 2031 sedulo}
435 1901 784 2028 prffipr.cmpq11ipsolpnti.op
810 1901 1033 2007 loiiriids’ei'iii’e
1060 1901 1159 2031 siricii
1175 1903 1316 2006 ⁸facillime
1345 1951 1373 2004 in
1405 1901 1486 2005 cciii]-¹

314 2023 371 2074 tam
401 2020 476 2073 illam
499 2022 598 2073 cliwere
626 2027 723 2073 sortem
752 2029 779 2087 (a
809 2019 966 2074 Marklando
996 2019 1065 2073 Stat.
1096 2019 1158 2074 Srlv.
1177 2019 1210 2082 V,
1229 2024 1253 2083 3,
1272 2022 1313 2074 92.
1338 2017 1487 2084 defensam)

314 2087 422 2149 mutari,
455 2089 550 2140 contra
567 2103 628 2140 vero
646 2087 745 2140 nemini
766 2086 846 2141 facile
863 2088 891 2141 in
909 2090 1027 2141 mentem
1045 2087 1134 2141 venire
1183 2087 1283 2140 otuerit
1312 2102 1361 2154 pro
1390 2089 1488 2140 dacem

314 2154 429 2208 scribere
447 2155 552 2221 (119999,
575 2171 658 2223 qnare
675 2154 757 2208 etiam
775 2171 817 2208 me
839 2157 999 2223 posteriores
1021 2156 1138 2225 (praeter
1164 2104 1186 2208 i‘
1468 2223 1473 2231 .

314 2220 365 2274 hoe
386 2225 550 2289 receperunt.
586 2222 688 2275 Dicere
717 2225 808 2275 autem
833 2230 944 2284 sortem,
973 2223 993 2276 i.
1024 2239 1045 2276 e.
1074 2222 1182 2276 modum
1208 2221 1360 2275 sortitionis
1388 2224 1488 2276 constr·

314 2291 399 2349 tuere,
432 2308 453 2341 s.
471 2290 634 2343 constituere
652 2292 679 2343 et
697 2290 814 2344 tribuere
831 2306 908 2344 suern
928 2290 1022 2358 cuique
1046 2294 1160 2361 pentem,
1192 2289 1278 2342 multo
1303 2288 1400 2342 melius
1429 2305 1488 2342 con-

315 2357 389 2411 venit
408 2357 522 2411 Ascanio
542 2358 648 2423 victori,
677 2374 756 2427 quarn
785 2359 885 2412 decere
912 2366 1021 2420 sortem,
1051 2358 1121 2427 quod
1151 2359 1180 2412 et
1201 2357 1289 2427 ipsum
1319 2355 1388 2409 nihil
1416 2356 1487 2410 eliud

315 2424 466 2490 significare
485 2429 585 2494 posset,
609 2441 688 2494 quam
706 2444 728 2478 e.
746 2426 899 2479 ducendum
918 2443 1025 2493 curere,
1056 2441 1117 2479 cum
1135 2424 1216 2479 duces
1233 2440 1287 2480 non
1305 2423 1359 2493 ipsi
1387 2424 1488 2479 duemt

315 2495 424 2557 sortem,
443 2493 490 2546 sed
508 2493 571 2547 ante
590 2492 758 2548 sortitionem
776 2493 811 2547 ad
829 2494 899 2548 seles
917 2492 1017 2547 milites
1045 2493 1234 2562 pertinentem,
1263 2508 1341 2546 suam
1370 2490 1487 2612 praedae

333 2563 420 2614 artem
438 2563 470 2613 ut
487 2569 619 2615 exsortem
636 2561 773 2627 tenores,
802 2561 945 2627 ἰξαίρειον
968 2564 1061 2628 γέρας,
1090 2561 1142 2615 sibi
1172 2561 1286 2629 eligant3
1315 2574 1369 2627 quo
1407 2559 1487 2612 etiarn

349 2645 410 2695 agn.
430 2627 517 2682 docet.
552 2629 592 2682 tt.
612 2628 695 2682 etiam
714 2628 787 2683 inira
804 2644 829 2683 v.
851 2633 919 2692 211,
939 2628 985 2681 ubi
1006 2628 1138 2682 Ascanius
1166 2628 1194 2681 in
1226 2626 1367 2681 sortitione
1396 2627 1489 2680 eximit

315 2711 412 2763 equum
430 2698 459 2748 et
478 2711 554 2750 arma
572 2696 655 2749 Turni
673 2700 780 2765 praeter
797 2699 897 2750 sortem
915 2695 981 2749 Niso
1005 2695 1138 2760 donanda,
1171 2695 1242 2764 qued
1271 2695 1298 2748 et
1327 2694 1418 2763 ipsum
1449 2696 1489 2748 est

314 2769 414 2814 sertem
425 2762 548 2825 dicentis,
568 2779 620 2815 non
633 2764 763 2816 elucentis.
781 2761 888 2816 Servius
906 2762 999 2817 sedit:
1018 2762 1090 2829 „Alii
1108 2763 1216 2816 ‹leieere
1232 2762 1328 2831 legunt
1340 2761 1488 2816 seeundum

316 2829 385 2883 illud
402 2829 445 2896 (V,
466 2832 535 2896 199.)
553 2830 746 2899 Deiectomque
763 2847 847 2885 aereo
865 2838 964 2885 corten
981 2831 1096 2901 Accepit
1112 2831 1203 2899 calce,
1221 2830 1240 2884 i.
1259 2846 1281 2886 9,
1299 2829 1391 2884 sertim
1410 2845 1487 2899 prae·

315 2898 411 2960 dam“;
432 2914 513 2967 quare
532 2898 658 2952 Heinsius
677 2901 764 2966 putat,
790 2914 851 2952 eum
879 2899 908 2950 in
931 2897 1014 2954 codd.
1045 2898 1177 2954 invenisse
1207 2898 1387 2968 antiquiorem
1416 2897 1488 2952 verbi

256 2979 264 2992 ⁸
314 2967 407 3019 dicere
424 2966 538 3020 formam
555 2966 671 3028 deicere,
697 2981 776 3035 quam
795 2982 890 3034 parum
908 2965 1079 3020 intellexerit.
1099 2996 1130 3005 —
1148 2965 1214 3027 269.
1232 2966 1273 3021 Cf.
1297 2965 1376 3021 Hom.
1401 2966 1435 3020 11.
1454 2965 1487 3031 X,

315 3037 372 3086 322.
402 3033 486 3087 Paulo
504 3033 540 3087 im
562 3033 728 3087 udentiorem
746 3033 790 3087 bie
807 3049 866 3087 esse
882 3032 1036 3097 Ascanium,
1056 3034 1102 3102 qui
1119 3035 1270 3103 promittet,
1290 3032 1489 3102 quaesendum

313 3102 419 3165 babent,
438 3117 523 3171 neque
543 3051 600 3154 iinn
619 3101 698 3156 facile
716 3102 767 3155 sibi
785 3117 880 3170 parare
898 3104 987 3170 queat,
1007 3118 1084 3156 nemo
1103 3104 1194 3170 potest
1211 3101 1312 3155 infitias
1330 3101 1378 3155 iro.
1407 3101 1489 3155 Recte

313 3172 404 3222 tamen
434 3169 586 3237 Conington
622 3172 765 3233 memorat,
800 3169 945 3223 Ascanium
980 3169 1046 3223 haee
1075 3170 1233 3237 promittere
1263 3168 1347 3237 patris
1383 3169 1489 3221 nomine

314 3239 371 3290 tam
391 3254 453 3290 uam
481 3238 552 3305 regis
582 3235 655 3298 (coll.
680 3253 704 3293 v.
730 3238 810 3303 223).
849 3237 961 3306 Aliquot
990 3236 1074 3291 Codd.
1094 3237 1233 3291 deterioris
1266 3238 1346 3289 notae
1379 3236 1488 3289 vidistis

315 3252 496 3371 (quodetiam
517 3321 561 3373 ap.
580 3305 696 3359 blacrob.
721 3305 766 3367 VI,
785 3308 809 3367 6,
829 3307 868 3358 12.
886 3321 912 3373 p.
933 3309 991 3358 535.
1010 3305 1067 3358 Ian.
1086 3322 1107 3358 s.
1130 3321 1156 3373 p.
1177 3307 1232 3358 185,
1251 3303 1309 3371 Bip.
1329 3302 1411 3422 vulpe
1429 3303 1489 3357 ede·

1187 2154 1267 2208 eerlk.
1298 2159 1326 2207 et
1345 2153 1487 2222 Bryceum)

314 3372 421 3434 batum
452 3370 499 3424 sed
516 3372 638 3425 meliores
655 3372 683 3424 in
700 3371 773 3451 vulg.
792 3371 908 3426 lectione
925 3372 1104 3426 consentiunt.
1140 3372 1291 3439 Conington
1311 3369 1398 3433 doec,
1428 3386 1488 3423 con·

314 3438 490 3491 structionem
511 3438 580 3492 hanc
598 3454 668 3492 esse:
696 3438 790 3491 vidrsti
807 3455 914 3508 equum,
933 3455 985 3506 quo
1003 3440 1070 3501 ibat,
1091 3455 1168 3493 arma
1184 3439 1212 3492 in
1230 3438 1325 3507 quibus
1342 3438 1409 3501 ibat,
1429 3437 1487 3492 coll.

315 3504 376 3560 adn.
406 3504 441 3557 ad
462 3505 525 3559 Geo.
549 3506 596 3566 IV,
617 3510 671 3560 159.
694 3537 727 3545 ›-
752 3506 886 3558 Ternes
914 3523 1048 3567 cereres,
1079 3506 1167 3560 aureis
1196 3506 1238 3560 vel
1267 3505 1358 3573 potius
1386 3505 1488 3559 auratis

315 3571 398 3625 armis
417 3574 535 3627 ornatus.
548 3589 678 3642 -equo
696 3573 767 3626 ibet
786 3573 831 3635 (ef.
849 3573 883 3633 X,
901 3575 958 3629 213,
976 3576 1090 3627 nectere
1103 3575 1196 3635 ibere),
1215 3574 1250 3626 in
1267 3572 1379 3639 erneis,
1399 3573 1488 3635 ἔβαινε

316 3641 348 3693 ἐν
366 3637 486 3708 τεύχεσι.
523 3639 659 3694 Heinrich.
680 3639 794 3693 conferri
811 3639 888 3693 iubet
904 3639 999 3695 Greev.
1019 3643 1105 3695 Leett.
1122 3640 1231 3695 Hesiod.
1250 3656 1272 3695 c.
1291 3645 1332 3695 20.
1356 3640 1397 3694 De
1415 3639 1488 3693 ludi·

316 3706 403 3759 estivo
435 3706 510 3759 ibat
538 3706 591 3761 vid.
620 3706 724 3761 adnott.
747 3706 783 3760 ad
804 3705 860 3760 Eel.
878 3707 926 3774 IV,
945 3711 985 3761 52.
1004 3709 1063 3763 coll.
1083 3725 1143 3763 cum
1161 3708 1204 3774 iis,
1226 3722 1294 3775 quae
1311 3707 1347 3760 ad
1365 3710 1432 3761 Aen.
1451 3706 1486 3771 ll,

317 3778 373 3828 138.
392 3772 599 3843 adscripsimus;
623 3774 655 3828 de
678 3775 766 3828 verbis
784 3777 875 3828 autem
895 3776 923 3828 ia
940 3777 1025 3830 ermis
1042 3776 1096 3830 vid.
1115 3775 1218 3830 aduott.
1238 3774 1272 3828 ad
1291 3775 1342 3838 ΙΙΙ,
1365 3779 1422 3828 595.
1440 3773 1486 3834 IV,

315 3846 372 3896 518.
391 3844 419 3895 ct
438 3842 469 3908 V,
488 3845 528 3896 ³7.
559 3842 627 3896 Prae
647 3842 725 3896 esitio
740 3841 1204 3911 etiamomittipoterat,ut1,751.
1225 3873 1257 3881 -
1274 3840 1340 3901 270.
1355 3841 1485 3906 „Botlrius

315 3910 371 4032 beni
390 3909 543 3964 adsentitur
560 3909 628 3964 Peer
659 3910 677 3978 .]
697 3910 813 3964 offensus
829 3910 959 3989 asyndeto
979 3912 1103 3965 correxit:
1122 3912 1211 3980 tyrsum
1229 3910 1308 3962 illam
1319 3917 1345 3962 ct
1362 3910 1484 3979 clipeum.

335 3977 367 4031 ed
386 3977 548 4045 respondent
566 3977 631 4033 haee
644 3995 685 4031 vv.
698 3977 984 4046 praecedentibusque
1001 3978 1110 4032 Ternas
1122 3996 1200 4046 equo,
1233 3977 1338 4032 sums.
1353 3978 1383 4030 ιἰι
1394 3976 1484 4039 arcui,

521 4045 1062 4168 nn.2²nemersi
1075 4045 1205 4167 ree
1354 4042 1485 4165 ene

316 4154 423 4235 exhiliet
453 4190 597 4250 comentes,
629 4181 699 4261 quod
730 4180 807 4234 fluxit
836 4196 867 4234 ex
889 4180 941 4246 ΙΙΙ,
959 4130 1150 4239 soei-271.
1180 4179 1361 4248 Excipiam
1390 4177 1484 4232 sorti.

317 4248 453 4317 „Habebis
472 4248 555 4302 'lurni
572 4267 585 4301 s
605 4249 659 4302 oba
676 4251 816 4317 tamqnam
835 4250 920 4315 γέρας
939 4246 1089 4313 ἐξαίρετον,
1109 4264 1207 4301 munus
1225 4246 1361 4300 eximium.
1396 4247 1438 4300 Gi.
1456 4244 1484 4305 V,

317 4320 374 4369 531.
393 4314 468 4375 VIII,
488 4317 565 4394 553.“
583 4267 670 4385 ileyrs.
700 4315 740 4369 De
757 4313 870 4383 antiqua
887 4313 974 4394 forma
991 4315 1083 4370 Ablat.
1100 4316 1172 4369 sorti
1186 4313 1238 4368 vid.
1258 4312 1364 4395 adnott.
1377 4316 1413 4367 ad
1426 4313 1485 4367 Geo.

317 4385 364 4448 ΙΙΙ,
385 4386 441 4436 165.
460 4411 492 4420 -
513 4399 580 4435 eam
597 4400 680 4436 aune
702 4389 760 4434 tao
786 4398 953 4451 prcemsc.
989 4382 1031 4437 Gi.
1049 4383 1120 4437 stat.
1140 4381 1222 4436 Theb.
1241 4381 1273 4439 X.
1293 4386 1334 4435 39.
1350 4383 1485 4450 praetem

317 4450 464 4505 numetis
481 4466 597 4517 opesque
609 4450 669 4502 lom
681 4464 752 4502 aune
763 4455 875 4503 vescae.
887 4478 919 4488 -
931 4446 983 4509 271
999 4466 1039 4518 sq.
1052 4449 1194 4503 Promittit
1205 4447 1345 4503 duodecim
1358 4446 1488 4515 mancipia

318 4519 407 4573 utrius
426 4534 459 4572 ue
477 4533 563 4571 sexus.
598 4515 715 4571 sienim
735 4514 875 4571 duodecim
893 4533 989 4584 mares,
1008 4516 1148 4571 duodecim
1175 4516 1289 4571 feminas
1319 4515 1488 4584 promitteret

319 4592 398 4707 pquae
439 4585 522 4640 adeni
543 4585 562 4638 ii
579 4587 623 4639 est
639 4584 792 4652 sententia),
811 4586 974 4652 eisdemque
991 4584 1118 4653 cepticos
1133 4585 1174 4639 vei
1193 4582 1274 4638 simili
1286 4583 1391 4637 ratione
1402 4583 1488 4637 dieen-

337 4672 382 4709 um
400 4659 466 4709 erat.
528 4669 563 4706 ou
579 4653 671 4706 umen
692 4667 769 4719 nego,
792 4654 899 4731 poetam
930 4650 1072 4719 (imprimis
1102 4668 1162 4705 enm
1194 4652 1276 4706 etiam
1305 4659 1407 4703 metm
1437 4649 1489 4702 sint

319 4722 451 4791 captivae)
469 4721 558 4775 minus
571 4722 696 4774 accurate
709 4719 859 4799 scripsisse.
891 4718 998 4772 Miseret
1009 4720 1104 4787 poetae
1117 4718 1277 4788 siruplieiter
1288 4721 1354 4770 sunt
1365 4717 1486 4771 feminae
1549 4748 1553 4755 ·

319 4789 380 4842 Vid.
399 4789 488 4852 adll,
507 4792 565 4842 189.
584 4818 617 4827 -
635 4786 822 4840 lectissima
853 4794 992 4841 matrum
1021 4803 1080 4839 cor
1109 4803 1178 4841 ora.
1215 4784 1274 4838 Vid
1296 4783 1359 4838 Geo.
1380 4786 1432 4847 ΠΙ,
1450 4788 1488 4836 bl.

320 4857 342 4917 Ι,
364 4861 420 4911 193.
439 4857 476 4918 Il,
498 4861 537 4912 18.
559 4857 590 4923 V,
612 4854 722 4909 31991.
742 4885 774 4894 ·-
793 4855 843 4909 bis
859 4871 920 4908 sec.
951 4854 991 4909 Gi.
1010 4803 1115 4906 adnoii.
1131 4853 1166 4907 ad
1183 4853 1204 4915 l,
1223 4857 1265 4905 71.
1284 4851 1379 4916 „Quod
1393 4850 1489 4906 adiecit

321 4941 447 5002 sueque
465 4925 617 4979 omnibus
633 4940 727 4977 arma
744 4921 887 4976 obscurum
905 4938 963 4976 esse
992 4922 1090 4990 petest,
1121 4920 1145 4973 si
1176 4936 1265 4974 servos
1296 4918 1413 4986 cogites,
1444 4916 1487 4970 sed

321 4998 447 5064 capaces
463 4992 631 5060 memoravit,
650 5006 716 5061 quos
734 4992 853 5044 armatos
870 4991 986 5058 ceperat,
1005 4988 1139 5057 armisque
1150 4988 1329 5058 spoliaverat:
1347 5003 1393 5040 eos
1409 4986 1488 5040 dona
