3359 5725
329 609 390 669 700
737 592 853 658 CIBIS
875 614 905 657 v.
928 594 1109 658 495-512.

330 767 420 835 Undi
444 789 484 831 ue
506 764 675 832 mutabant
696 772 792 847 atque
814 757 957 843 undique
979 755 1197 822 mutabantur.

333 852 412 918 Oris
458 873 538 915 onos
585 849 702 912 rimum
724 853 758 909 et
780 842 889 910 multis
911 849 1026 928 optata
1045 838 1165 905 labella

333 936 377 1000 Et
399 933 531 1021 patulae
551 871 668 997 llontis
690 928 816 1016 species
838 946 1048 991 concrescere
1067 926 1102 987 in
1122 946 1223 988 unum

334 1018 481 1104 Coepere
502 1027 535 1080 et
556 1013 673 1101 gracili
694 1020 835 1078 mentum
858 1007 1040 1095 producere
1060 1017 1183 1087 rostro;

335 1101 431 1182 Tum,
454 1121 574 1186 quase
597 1096 740 1161 medium
764 1094 882 1180 eapitis
903 1092 1077 1157 discrimen
1099 1089 1230 1175 agebat,

333 1184 422 1248 Ecce
443 1190 576 1269 repente
593 1180 683 1244 velut
703 1179 827 1267 patrios
850 1177 994 1241 imitatus
1015 1173 1153 1240 honores

334 1267 511 1332 Puniceam
533 1264 697 1329 concussit
720 1283 806 1349 apex
829 1261 863 1324 in
885 1260 1007 1323 vertice
1029 1258 1178 1338 cristam3

337 1351 384 1415 At
405 1347 512 1413 mollis
533 1348 642 1412 varios
663 1348 812 1411 intexens
835 1341 948 1442 pluma
969 1340 1094 1407 colores

335 1432 557 1497 Marmoreum
580 1429 706 1494 volucri
727 1427 861 1493 vestivrt
881 1426 1022 1511 tegmine
1041 1446 1160 1522 corpus

336 1516 440 1579 Lenta
466 1537 505 1578 ue
526 1521 704 1600 perpetuas
726 1509 879 1575 fuderunt
900 1507 1056 1573 bracchia
1077 1530 1212 1594 pinuas3

336 1598 417 1662 lude
438 1537 518 1661 eilias
539 1605 649 1682 partes
670 1595 834 1678 minioque
855 1592 975 1657 infecta
997 1591 1126 1655 rubenti

338 1682 444 1747 Crura
466 1702 552 1745 nova
573 1680 692 1743 macies
715 1676 853 1742 obduxit
879 1701 894 1741 s
918 1673 1029 1739 ualida
1048 1672 1132 1759 pelle

338 1765 382 1828 Et
404 1763 543 1850 pedibus
565 1763 684 1826 teneris
707 1783 832 1846 ungues
855 1696 971 1824 addxit
992 1767 1114 1823 acutos.

338 1847 382 1911 Et
403 1860 511 1910 tamen
532 1844 594 1910 boc
615 1845 744 1910 demum
768 1845 908 1907 miserae
928 1862 1117 1906 succurrere
1140 1851 1239 1927 pacto

339 1930 405 1992 Vix
423 1932 528 1994 t'uerat
573 1927 681 1992 lacida
703 1929 751 1992 Ne
776 1928 848 1992 tuni
869 1927 1008 2010 coniuge
1029 1924 1170 2010 dignum.
1276 1925 1282 1930 ”

339 2013 522 2099 Numquam
546 1950 635 2075 illam
658 2024 732 2098 post
750 1949 831 2075 llaec
855 2009 939 2075 oculi
962 2010 1076 2072 videre
1099 2029 1231 2072 suorum

338 2096 525 2181 Purpureas
545 2094 630 2159 flavo
652 2096 844 2158 retinentem
866 2093 987 2157 vortice
1006 2092 1113 2173 vittas,

339 2178 412 2242 Nou
434 2177 596 2242 thalamus
618 2177 720 2262 Tyrio
742 2176 895 2263 fragrans
917 2178 1044 2262 accepit
1065 2197 1202 2254 amomo,

340 2499 384 2618 u
397 2492 1260 2645 ‚artunarrartorruerit-...trauan
1280 2495 1507 2628 tenda

341 2636 481 2689 leotronam
513 2633 628 2688 sCodd.
654 2632 801 2687 exhibitam
821 2633 997 2685 restituimus.
1033 2630 1120 2698 Stltig.
1138 2628 1210 2682 euim
1228 2645 1289 2709 ipse
1308 2632 1396 2685 rerba
1414 2631 1508 2683 incer·

341 2705 387 2755 tis
405 2702 505 2754 etiam
522 2719 606 2754 nunc
621 2702 780 2770 partibus
799 2702 873 2755 recte
890 2699 929 2752 sic
947 2699 1075 2767 orpheat:
1106 2696 1248 2767 „dignosci
1265 2714 1322 2751 non
1341 2701 1459 2767 poterut
1473 2712 1508 2749 cu-

341 2771 383 2824 ius
413 2768 531 2837 corporis
548 2771 641 2848 partes
661 2784 706 2822 eae
725 2766 944 2834 internecarent,
964 2766 990 2819 in
1009 2767 1089 2835 quale
1107 2782 1204 2834 corpus
1224 2768 1321 2835 partes
1341 2766 1508 2821 transirent.“

342 2871 373 2878 -
394 2836 458 2898 499.
491 2836 569 2889 Orsa
594 2836 710 2890 hortos.
746 2834 806 2891 Vid.
836 2834 941 2891 adnott.
971 2833 1005 2888 ad
1024 2836 1090 2889 Aen.
1109 2834 1130 2899 l,
1149 2838 1207 2889 591.
1238 2835 1267 2888 et
1285 2833 1366 2898 VIII,
1386 2839 1445 2889 617.
1461 2830 1509 2887 coll

341 2905 429 2959 Bentl.
461 2908 489 2957 et
507 2904 656 2959 Mitscberl.
687 2903 722 2957 ad
750 2904 814 2958 Hor.
834 2903 884 2958 Od.
905 2904 927 2963 Ι,
951 2906 989 2966 17,
1010 2907 1049 2955 tt.
1080 2906 1108 2956 et
1126 2901 1203 2955 Hess.
1234 2901 1269 2955 ad
1290 2902 1357 2957 Tac.
1381 2903 1466 2958 Germ.
1490 2905 1509 2951 5.

341 2977 419 3043 (quos
440 2972 527 3041 Sillig.
553 2971 669 3037 laudm).
688 3002 719 3010 -
738 2970 802 3031 497.
831 2971 975 3040 speeies,
1007 2968 1103 3031 forma,
1122 2969 1306 3037 pulchritudo.
1345 2971 1393 3024 Sic
1411 2971 1463 3024 hir.
1479 2968 1508 3022 11.

341 3046 382 3095 23.
413 3041 479 3095 Oris
506 3039 624 3093 aeciam
651 3041 860 3105 defomnaoerat
888 3040 975 3091 barba
1001 3039 1150 3108 promissa.
1175 3067 1209 3076 -
1235 3056 1459 3093 concrescere
1482 3036 1509 3087 in

342 3127 447 3162 anum.
483 3057 544 3161 vid.
563 3108 637 3161 Cort.
656 3110 684 3160 et
702 3107 787 3161 KrItz.
806 3106 841 3160 ad
859 3106 929 3184 Sall..
942 3107 1000 3159 Cat.
1023 3110 1062 3172 lt,
1081 3108 1105 3159 2.
1123 3137 1153 3146 —
1173 3103 1239 3166 499.
1257 3123 1293 3159 re
1313 3108 1444 3174 agebat.
1475 3101 1507 3155 CI.

342 3177 407 3232 Geo.
425 3176 461 3238 Il.
481 3179 540 3228 364.
560 3205 591 3213 -
609 3174 673 3236 999.
705 3176 773 3237 „Est
790 3175 857 3229 adeo
875 3172 1020 3227 Cincaris
1039 3189 1098 3226 curn
1120 3173 1203 3226 crista
1223 3189 1365 3241 purpurea
1383 3174 1419 3228 sd
1437 3172 1509 3226 imita

342 3245 442 3298 tionem
461 3243 576 3298 cincinni
594 3259 640 3297 seu
659 3243 749 3311 capilli
767 3242 895 3311 purpurei
914 3241 1004 3308 patrii,
1023 3257 1102 3310 quem
1120 3240 1211 3309 Scylla
1227 3239 1411 3296 rescideram
1435 3241 1509 3308 Herc

342 3344 375 3351 -κ
393 3310 455 3373 ῖ)01Δ
487 3312 664 3364 I‘uniceam
694 3328 741 3381 pro
771 3309 816 3362 vul
839 3351 845 3362 .
869 3328 906 3379 pu
945 3326 1037 3362 aream
1054 3308 1139 3377 Sillig.
1159 3324 1190 3362 er
1209 3307 1297 3362 Codd.
1317 3310 1377 3363 suis
1396 3305 1510 3364 restituit

346 3380 386 3434 Cf.
406 3379 461 3432 Ecl.
481 3378 513 3443 V,
535 3383 572 3432 l't.
592 3379 651 3441 vll,
671 3382 710 3433 32.
732 3379 794 3433 Geo.
814 3327 1078 3440 l11,3r·.len.v‚
1098 3379 1154 3430 269.
1174 3379 1226 3428 etc.
1246 3405 1279 3414 -
1297 3375 1366 3437 593.
1393 3372 1511 3431 volucri

343 3448 493 3515 tegmine,
520 3447 538 3505 i.
559 3464 581 3499 e.
600 3445 739 3500 volucrum
758 3445 886 3526 tegmine,
905 3444 1015 3513 plumis.
1035 3475 1066 3483 -
1088 3443 1154 3505 994.
1181 3446 1368 3514 perpetuis
1392 3442 1510 3516 pinsit.

344 3531 418 3636 eppa}
430 3517 503 3635 tlotgs
521 3514 589 3634 {llas
621 3513 820 3641 olsipgbrvacpra,
831 3513 986 3632 Cobducunt.
1005 3543 1036 3550 -
1056 3511 1121 3592 999.
1153 3511 1429 3634 miffiinfffl'
1448 3507 1509 3649 pall

409 3599 503 3646 c,
558 3609 615 3631 .-
693 3598 812 3634 .uo
853 3600 903 3633 rur
949 3597 1175 3634 rsooaniccwso
1235 3605 1237 3611 ν
1290 3597 1344 3632 su
1411 3601 1431 3634 a
1506 3614 1511 3629 .

363 3665 413 3702 uae
443 3649 511 3702 satis
543 3649 643 3701 bouum
676 3597 796 3702 sensumg
809 3599 949 3716 praebeii't,
980 3646 1027 3701 sed
1046 3664 1062 3701 a
1079 3646 1162 3701 eodd.
1182 3599 1437 3702 lectioneqnimium
1455 3660 1511 3701 rect-

344 3667 423 3782 dunt,
456 3716 501 3784 qui
528 3714 619 3784 potins
649 3716 794 3784 novariae
813 3716 900 3769 aciem
918 3745 928 3756 ·
949 3745 960 3757 ·
975 3715 1077 3786 pellem
1094 3715 1137 3768 vel
1153 3732 1309 3783 novansque
1327 3717 1391 3770 acre
1411 3745 1422 3756 -
1439 3744 1450 3755 -
1463 3710 1511 3785 pel·

345 3787 397 3840 lem
413 3783 456 3837 vel
473 3800 619 3852 novemque
637 3784 725 3836 aciem
762 3783 824 3835 eilia
840 3784 981 3852 praebent,
1009 3781 1078 3836 unde
1097 3781 1183 3851 Sillig.
1205 3782 1271 3836 lecit
1297 3802 1402 3837 novam
1426 3782 1511 3836 necin

345 3851 509 3922 -·pellem.
549 3851 614 3904 Vult
635 3854 725 3905 autem
769 3851 792 3904 ir
816 3850 886 3904 doct.
906 3852 988 3905 verba
1005 3851 1044 3904 sie
1062 3850 1196 3904 construi:
1227 3849 1299 3904 [rute
1315 3851 1452 3931 squalida
1468 3865 1512 3901 su·

345 3922 400 3975 cicc
426 3938 525 3974 sorum
539 3919 639 3988 pellem
657 3921 771 3972 obducit
788 3919 862 3972 eliac
902 3926 975 3972 artes
992 3926 1016 3971 et
1035 3936 1128 3979 encra,
1159 3920 1190 3970 ut
1210 3918 1369 3973 Accusatrri
1386 3919 1511 3990 partera

345 4008 429 4041 mira
447 3987 582 4058 pendeant
601 4004 618 4041 a
635 3987 715 4041 verbo
734 3988 848 4040 obdunt
865 3937 900 4039 ef
910 4003 959 4056 pro
980 3985 1084 4039 Dativis
1103 3985 1186 4054 positi
1203 3984 1268 4046 sint,
1317 3987 1345 4039 ui
1364 3987 1448 4056 vulgo
1465 3983 1512 4037 huit

345 4057 426 4112 verbo
453 4055 603 4110 adiicietur.
638 4056 678 4108 De
707 4055 821 4108 veritate
852 4057 942 4108 tamen
971 4053 1050 4106 buius
1080 4056 1218 4106 contortae
1241 4069 1307 4107 cous
1356 4055 1456 4109 ctiouis
1472 4054 1513 4106 iu·

346 4125 421 4194 prius
454 4124 582 4177 debltans
611 4139 681 4176 nunc
708 4140 769 4176 cum
800 4121 992 4176 recentioribus
1017 4121 1165 4176 editoribus
1183 4121 1271 4190 recepi
1289 4122 1437 4177 lectionem
1456 4135 1514 4173 aoso

366 4192 417 4245 ella
434 4192 547 4271 (Haupt.
576 4208 636 4270 curn
655 4190 766 4244 Pithoeo
795 4192 823 4245 ct
839 4189 951 4268 hachur.
981 4188 1016 4243 ad
1034 4188 1112 4243 Lucr.
1132 4205 1157 4308 p
1179 4193 1237 4242 425.
1256 4190 1370 4259 scripsit
1454 4190 1475 4251 i.
1492 4215 1514 4225 ν

342 4211 411 4321 997.
431 4261 560 4324 adficit
579 4258 664 4328 Srllig.
684 4275 698 4312 e
716 4259 799 4312 Godd.
819 4275 876 4312 suis
895 4257 1014 4311 restituit
1051 4274 1079 4310 ro
1098 4273 1168 4325 rug.
1188 4258 1310 4323 conficit.
1335 4288 1364 4297 -
1447 4258 1516 4309 ,ὀρ

346 4345 426 4379 mum
440 4343 475 4406 ‘ex
494 4343 517 4378 v.
538 4329 596 4406 491.
617 4325 803 4406 erplicandum
822 4343 881 4380 esse
892 4325 977 4405 'docet
994 4274 1053 4404 suli
1075 4368 1080 4378 .
1099 4324 1248 4393 Postquam
1268 4325 1442 4395 Amphitnte
1455 4321 1516 4393 sert·

346 4396 400 4449 laur
420 4395 466 4447 d1u
487 4411 554 4449 man
573 4397 712 4474 ventisque
730 4398 854 4449 vexatam
873 4393 986 4453 viderat,
1018 4409 1041 4445 ει
1055 4341 1167 4446 Iandem
1186 4392 1211 4446 ei
1229 4408 1391 4448 succurrere
1409 4393 1516 4447 colebat.

346 4463 397 4516 troc
425 4461 481 4516 alia
510 4462 600 4532 potius
631 4466 734 4516 ratione
763 4462 850 4516 iacere
868 4461 992 4529 debehat,
1023 4476 1103 4580 <guam
1121 4459 1171 4513 hac
1190 4460 1293 4515 formae
1313 4463 1477 4517 mutatione.
1493 4487 1517 4496 -

346 4529 410 4590 919.
439 4539 515 4599 post
546 4531 628 4583 baec
655 4529 782 4584 exhibent
801 4528 884 4583 Codd.
902 4528 986 4582 Rehd.
1016 4544 1030 4581 e
1063 4527 1188 4591 Helmst,
1218 4544 1287 4596 quos
1307 4529 1368 4584 sill·
1394 4572 1400 4584 .
1422 4532 1518 4585 secum

348 4602 402 4663 est;
433 4598 513 4668 vulgo
538 4599 664 4668 poetice.
700 4598 798 4651 Poetas
821 4599 912 4651 autern
929 4597 1077 4667 posthaec
1094 4597 1213 4665 (etpost
1232 4597 1296 4661 hoc)
1314 4597 1372 4652 hau
1413 4615 1473 4653 raro
1488 4594 1519 4647 di

348 4683 406 4721 cere
436 4667 550 4720 constat.
587 4666 628 4719 Cf.
648 4665 735 4719 Hand.
755 4665 868 4719 Turseli,
888 4664 934 4720 IV.
954 4682 979 4733 p.
997 4667 1045 4717 494
1065 4680 1104 4732 sq.
1124 4693 1154 4701 -—
1176 4662 1240 4724 bil.
1270 4664 1343 4720 Cum
1363 4668 1428 4721 Han
1446 4663 1518 4719 ticet

347 4733 541 4855 posterioribus
570 4733 648 4786 editt.
681 4733 863 4786 revocavimus
893 4732 964 4801 vulg.
994 4731 1135 4786 lectionem
1161 4731 1252 4799 flavo,
1284 4748 1372 4802 quam
1390 4683 1519 4858 Sllff

371 4801 431 4855 odd.
463 4802 518 4855 suis
552 4804 580 4854 et
597 4800 716 4869 antiquis
735 4801 812 4856 edItt.
832 4803 985 4855 mutaverat
1002 4800 1028 4853 iu
1047 4799 1133 4852 salvo.
1168 4798 1211 4852 cf.
1229 4816 1295 4855 vero
1313 4801 1421 4857 catull.
1514 4836 1519 4853 .

348 4873 388 4923 63.
409 4869 476 4922 Non
502 4869 601 4938 flauo
630 4868 748 4921 reticem
764 4869 889 4922 chalem
905 4867 1138 4930 amterminum,
1167 4883 1250 4936 quem
1270 4869 1363 4926 locum
1382 4872 1437 4926 ianr
1456 4870 1519 4924 Pttt

348 4936 366 4989 l.
380 4936 399 4989 l.
419 4936 499 4992 affert
516 4937 562 4990 vul
584 4981 589 4990 .
608 4936 751 4990 lectionem
770 4936 926 4990 defendens.
941 4967 969 4977 -
984 4932 1048 4995 512.
1066 4934 1107 4989 CI.
1126 4950 1211 5005 supra
1227 4952 1253 4992 v.
1268 4942 1330 4994 438.
1350 4940 1392 4995 De
1409 4952 1519 4994 amone

348 5003 403 5058 vid.
422 5004 457 5058 ad
475 5003 530 5059 Ecl.
592 5004 771 5073 ,eo.st1v,
791 5007 832 5060 25.
868 5004 993 5060 Ceterum
1012 5003 1097 5073 Horu.
1116 5019 1142 5057 r.
1161 5007 1311 5062 toa-ott.
1342 5001 1519 5082 interpolatori
