3359 5725
222 457 240 504 Ι

576 543 808 610 AENEIDOS
829 545 912 611 LIB.
932 547 974 611 X.
1097 615 1104 622 ,,
1305 555 1364 616 351

190 707 236 772 Ει
257 707 348 773 dedit
367 731 440 774 esse
464 708 541 774 deas
565 731 744 795 aevumque
767 711 895 796 agitare
917 710 977 774 sub
1001 712 1106 779 undis.
1315 728 1364 778 235

188 791 237 855 At
258 813 340 878 puer
357 791 518 857 Ascanius
542 815 634 858 muro
656 793 818 881 fossisque
838 802 965 860 tenetur

190 873 274 938 Tela
295 876 380 939 inter
402 875 513 941 media
536 885 633 964 atque
653 876 815 941 horrentis
835 875 942 941 Marte
963 878 1108 945 Latinos.

188 957 259 1022 lam
281 958 355 1023 loca
374 960 463 1023 iussa
484 968 572 1037 tenet
592 960 669 1025 forti
691 960 872 1046 permixtus
892 958 1033 1027 Etrusco

187 1041 296 1105 Arcas
322 1064 439 1126 eques3
463 1043 590 1108 medias
611 1042 676 1106 illis
699 1064 866 1129 opponere
887 1052 1021 1126 turmas,

187 1123 239 1188 Ne
261 1128 379 1189 castris
400 1127 456 1190 iun
481 1136 547 1208 ant,
570 1136 660 1190 certa
681 1137 732 1191 est
751 1127 912 1190 sententia
935 1125 1057 1192 Turno.
1314 1142 1364 1192 240

188 1206 298 1293 Surge
319 1229 381 1307 age
403 1218 435 1272 et
486 1231 585 1274 urora
607 1211 712 1274 socios
734 1209 885 1273 veniente
907 1212 1020 1274 vocari

145 1309 151 1319 ·
186 1290 320 1355 Primus
341 1314 376 1355 m
398 1313 491 1356 arma
512 1291 589 1356 iube
611 1300 644 1356 et
665 1291 806 1379 clipeum
828 1313 920 1379 cape,
943 1313 1038 1380 quem
1061 1294 1151 1359 dedit
1172 1295 1245 1381 ipse

186 1373 351 1438 Invictum
370 1373 562 1461 Ignipotens
585 1384 683 1462 atque
705 1397 780 1440 oras
802 1375 918 1440 ambiit
940 1398 1030 1443 auro.

192 1579 404 1589 ——-

183 1709 283 1764 faciem
300 1708 329 1762 in
347 1710 416 1764 hanc
434 1710 558 1764 mutavit.
594 1709 684 1764 Verba
702 1710 781 1778 enim,
817 1709 896 1764 uibus
913 1725 944 1763 re
960 1739 971 1751 ·
985 1740 997 1751 ·
1028 1711 1165 1778 raefirum,
1184 1728 1261 1766 omne
1277 1730 1362 1783 genus

183 1777 348 1830 mutationis
365 1780 393 1831 et
412 1776 607 1831 vicissitudinis
636 1778 765 1832 indicant.
799 1727 1160 1842 df.adnottsduec.11‚
1184 1783 1225 1834 29.
1245 1813 1275 1819 —
1295 1778 1361 1842 235.

133 1885 134 1888 ι
182 1846 281 1897 dedit
298 1862 369 1898 esse
385 1849 474 1899 deca.
509 1843 569 1899 Vid.
587 1845 662 1908 adl,
680 1849 723 1900 66.
742 1850 783 1899 Ί9.
803 1849 861 1901 319,
879 1846 931 1909 ΙΠ,
951 1850 991 1900 77.
1009 1846 1044 1901 al.
1063 1877 1096 1886 —
1110 1852 1167 1902 237.
1185 1850 1362 1903 horrentes

182 1913 299 1966 Marte
316 1913 461 1967 Latinos
478 1913 578 1981 Heyu,
609 1913 655 2034 qui
673 1913 760 1968 multa
777 1929 974 1983 supervacanea
999 1915 1112 1977 adiecit,
1143 1919 1215 1970 recte
1233 1917 1360 1986 explicat:

183 1979 339 2043 ,debentes
357 1997 433 2034 arma
450 1980 598 2043 horrentia,
636 1984 710 2035 astas
728 1981 835 2035 crebras
849 1984 960 2045 erectas,
980 1982 1042 2035 dum
1059 1986 1134 2037 stant
1151 1984 1179 2036 in
1198 1985 1254 2038 acie
1272 1984 1362 2038 densis

183 2047 326 2101 ordinibus
343 2051 373 2102 et
390 2064 426 2117 pu
464 2050 540 2115 aut“,
560 2047 620 2104 coll
638 2049 758 2102 Enniano
776 2049 822 2102 illo
842 2053 878 2118 (p.
901 2054 956 2103 103.
975 2050 1071 2104 Hessel
1087 2052 1322 2106 s.Aun.XlV.lr.
1338 2058 1362 2106 ἵ.
1473 2113 1477 2119 ,

181 2132 209 2184 p.
230 2118 272 2169 58.
291 2115 382 2181 Vahl.)
449 2117 565 2171 orrescit
592 2117 655 2170 telis
681 2117 812 2171 mercituo
839 2134 922 2186 asper
948 2119 1084 2186 seriaque.
1118 2118 1159 2172 cf.
1180 2120 1262 2173 otiam
1280 2136 1362 2187 supra

183 2183 220 2237 ad
238 2199 264 2237 v.
283 2186 340 2238 178.
359 2186 387 2237 et
405 2183 477 2237 iufra
493 2184 528 2238 ad
546 2185 594 2249 XI,
613 2187 671 2239 602.
694 2185 799 2239 adnott.
815 2184 933 2254 itemque
951 2186 1046 2254 Wagn.
1064 2186 1092 2238 in
1110 2186 1207 2242 Philol.
1226 2188 1320 2255 Suppl.
1340 2188 1362 2241 I.

183 2268 214 2320 p.
231 2255 290 2306 ³57.
308 2254 389 2314 recte,
407 2254 483 2372 quio,
502 2252 571 2306 hanc
590 2251 676 2319 Med,
705 2253 780 2307 Rom.
816 2252 931 2306 alioruin
949 2253 1032 2307 Codd.
1051 2253 1202 2307 lectionem¹
1216 2254 1363 2308 defendens

183 2323 292 2386 (contra
309 2318 409 2375 Ribbeo
427 2357 443 2383 .,
463 2319 509 2389 qui
528 2319 707 2374 etiamalio
726 2320 805 2373 Prole
825 2363 831 2373 .
854 2337 880 2388 p.
900 2324 967 2384 310,
987 2321 1105 2389 Haupt,
1129 2321 1236 2376 Ladew.
1267 2327 1295 2375 et
1312 2324 1363 2376 Bo·

183 2387 275 2451 uoist,
297 2386 388 2441 ePal.
407 2389 435 2441 et
454 2387 522 2441 Gud.
542 2404 559 2441 a
576 2405 610 2442 m.
631 2405 671 2456 pr.
691 2387 806 2456 recipies
836 2404 850 2439 s
876 2389 1012 2450 ardentis,
1040 2389 1112 2467 quod
1143 2389 1197 2442 iam
1221 2389 1361 2446 Schrader.

183 2455 357 2521 coniecerat.)
381 2455 533 2524 Conington
551 2456 689 2509 nobiscum
706 2456 823 2508 servavit
842 2454 982 2533 vulgarem
998 2454 1150 2510 lectrouem.
1185 2456 1272 2509 Ruhk.
1291 2473 1363 2510 com·

182 2524 266 2591 parat
284 2522 379 2577 Graec.
397 2529 539 2592 ᾳρισσιιν,
558 2523 616 2577 coll.
639 2522 721 2590 Toup.
740 2522 870 2576 Emendd.
892 2538 919 2574 m
936 2521 1009 2575 Snid.
1027 2538 1054 2588 p.
1076 2526 1130 2578 los.
1156 2523 1197 2589 (Ρ.
1218 2527 1240 2576 1.
1260 2540 1284 2592 p.
1306 2528 1360 2577 leo.

182 2589 226 2644 ed.
246 2589 341 2658 Lips..
360 2622 394 2630 -
411 2588 476 2650 238.
497 2607 554 2659 sq.
590 2590 660 2644 Dum
679 2590 782 2668 Aeneas
804 2606 818 2643 e
847 2592 927 2657 portu
947 2589 1095 2643 Caeretano
1121 2591 1207 2644 classe
1225 2594 1362 2658 profectus

183 2656 286 2711 auxilia
326 2661 479 2712 truncorum
497 2606 634 2727 pedestria
651 2657 775 2724 adducit,
805 2657 910 2727 equites
928 2657 1046 2711 Arcades
1064 2659 1109 2720 (cl.
1128 2658 1202 2721 VIII,
1221 2663 1270 2712 518
1290 2662 1360 2728 sqq.)

182 2729 213 2779 et
230 2724 338 2778 Etrusci
355 2725 482 2780 Pallante
501 2725 568 2780 duce
588 2725 711 2779 terrestri
728 2725 825 2779 itinere
844 2724 985 2795 praemissi
1013 2727 1041 2778 et
1064 2726 1180 2779 fortasse
1199 2725 1234 2779 ad
1251 2725 1361 2780 Pallan·

181 2795 260 2846 tenni
278 2792 394 2848 Tiberim
414 2793 577 2863 transgressi
609 2808 676 2864 quae
699 2793 790 2847 omnia
814 2795 940 2848 accurate
957 2809 1068 2847 narrare
1086 2797 1182 2862 poetae
1198 2810 1252 2846 non
1269 2811 1361 2848 neces·

180 2862 286 2915 sarium
303 2859 457 2926 videbatur)
476 2865 567 2916 castra
586 2797 700 2915 innisus
728 2877 821 2916 versus
846 2859 1042 2916 contenderant
1059 2863 1088 2915 et
1110 2862 1183 2924 loco,
1213 2879 1265 2930 quo
1294 2863 1361 2915 iussi

180 2930 271 2994 erant,
290 2928 316 2982 h.
335 2944 357 2984 e.
377 2931 470 2997 procul
487 2930 569 2985 dubio
587 2929 629 2982 illi
649 2928 744 2996 vicino,
775 2930 823 2983 ubi
840 2931 944 2984 Aeneas
973 2946 1133 2984 escensurus
1154 2932 1225 2991 erat,
1249 2929 1361 2997 ideoque

180 2995 256 3049 haud
293 2996 369 3050 rcoul
392 2998 427 3064 ab
452 2997 521 3052 ostio
539 2997 652 3060 Tiberis,
684 2996 871 3053 constiterant.
905 2997 964 3050 Iam
993 3013 1027 3051 ne
1054 2997 1114 3066 ipsa
1142 3002 1233 3050 castra
1258 2997 1360 3050 intrare

233 3013 299 3131 sini,
317 3064 423 3119 Turnus
441 3066 547 3120 obiecta
565 3065 702 3134 copiarum
730 3069 808 3143 parto
835 3080 928 3118 cavere
955 3064 1055 3119 studet.
1091 3065 1142 3131 Qui
1170 3065 1241 3117 enim
1258 3079 1276 3117 a
1295 3063 1360 3136 Pal-

190 3134 274 3185 anteo
286 3132 457 3213 accedebant,
477 3136 508 3186 ut
520 3133 629 3186 Troiam
640 3135 817 3201 pervcmrent,
834 3131 996 3185 Rutulorum
1010 3133 1101 3185 castra
1115 3130 1263 3210 praeterire
1273 3132 1361 3185 coacti

178 3198 1360 3390 tuq,{sequerisque}tq..t1qj¹.⁰qqlqgtqtdg

179 3350 227 3387 cas
274 3351 386 3390 ruma
428 3352 549 3391 meurs
580 3351 625 3390 rae
655 3350 862 3396 rvecrsun,e
923 3350 972 3388 ven
1085 3351 1242 3388 neexse
1351 3374 1358 3387 .

177 3402 257 3456 Alere
270 3353 436 3471 Tynhinum
456 3353 721 3468 adovaphasebant,
738 3402 893 3455 Numicium
908 3402 995 3470 magis
1006 3418 1023 3455 a
1034 3406 1118 3471 tergo.
1155 3352 1261 3455 Turius
1275 3402 1357 3456 aciem

178 3469 536 3594 opponatilthenestte‚Ardurdrr
565 3471 657 3526 Latini
686 3470 804 3591 chades
835 3470 979 3550 repellunt.
1014 3470 1161 3591 Pgstqqam
1173 3468 1227 3590 Pali
1247 3469 1359 3590 uamdgq

175 3588 177 3590 ,
257 3555 275 3592 a
353 3555 419 3604 era«,
478 3556 510 3594 ca
529 3556 557 3594 es
576 3557 604 3594 se
631 3555 692 3593 cum
734 3554 799 3593 enea
817 3554 983 3593 comunnsse
1005 3554 1032 3591 ιι
1052 3554 1084 3591 en
1118 3555 1139 3591 r.
1197 3554 1241 3592 roe
1264 3554 1309 3590 um

177 3553 331 3661 iiiiinune.
366 3608 472 3661 Turnus
499 3624 551 3662 uon
570 3606 687 3675 amplius
718 3609 812 3660 contra
839 3606 926 3660 solum
944 3607 1061 3660 Aeneam
1090 3608 1155 3660 stat.
1191 3606 1358 3675 Aggreditur

177 3672 344 3727 Pallantem.
378 3675 520 3741 Halaesus,
550 3676 594 3745 qui
612 3675 730 3743 primum
758 3678 853 3728 contra
868 3675 987 3728 Aeneam
1006 3678 1035 3728 et
1052 3674 1202 3742 Tyrrhenos
1223 3690 1276 3728 rem
1297 3690 1358 3742 ges·

177 3744 264 3805 serat,
283 3757 354 3795 nunc
373 3743 455 3797 ctiam
474 3745 569 3797 contra
584 3742 702 3796 Arcades
721 3741 821 3809 gerit.“
856 3741 1002 3795 Ribbecln'o
1031 3741 1097 3796 haec
1114 3743 1168 3795 ium
1186 3758 1268 3810 supra
1286 3758 1359 3795 com·

177 3809 355 3864 memoranda
375 3811 472 3874 rideri,
501 3811 538 3864 ad
555 3827 581 3863 r.
602 3814 657 3864 154.
676 3809 800 3865 vidimus.
820 3811 949 3863 -loca
977 3810 1082 3870 iusso,
1106 3825 1175 3878 quae
1191 3810 1295 3863 Aeneas
1313 3825 1357 3862 eos

177 3880 274 3931 tenere
293 3877 417 3933 iusserat.
453 3879 608 3947 Conington
639 3877 745 3930 confert
761 3877 825 3931 Geo.
846 3876 894 3943 IV,
914 3880 955 3930 62.
997 3877 1086 3929 iussos
1103 3882 1227 3946 sapores)
1246 3879 1274 3929 et
1291 3877 1357 3929 Aen.

177 3944 232 4010 llI,
250 3948 307 3999 547.
326 3946 426 4012 (irrasos
451 3948 586 4012 tonores).
615 3976 649 3984 —
675 3952 772 3998 tenet.
808 3943 852 3998 Sic
870 3960 961 3997 omnes
1018 3943 1062 3996 dd.
1088 3946 1195 4013 praeter
1212 3943 1297 4003 Med..
1326 3959 1357 4006 er

178 4028 233 4079 quo
251 4012 354 4076 Heius,
371 4014 486 4082 Peerlk,
505 4015 591 4082 Bryne
609 4016 637 4068 et
652 4012 778 4068 Ribbeck.
798 4014 806 4075 (
827 4027 861 4064 uo
882 4013 952 4064 teste
981 4011 1064 4064 etiam
1092 4013 1189 4078 fragm.
1208 4010 1269 4065 Ver.
1288 4008 1357 4062 hauc

177 4077 322 4134 lectionem
341 4081 462 4137 exhibere
480 4082 598 4147 videtur)
616 4082 775 4149 receperunt
792 4028 929 4132 Piuralem
946 4085 1041 4130 tenent.
1058 4077 1163 4155 Wagn,
1191 4078 1238 4146 qui
1269 4075 1356 4137 docet,

179 4148 241 4200 tum
259 4147 342 4202 verba
359 4157 446 4203 merit
462 4151 554 4203 Arcus
583 4165 662 4217 eqooes
678 4149 798 4200 Etrusco
813 4146 966 4215 pennatos
995 4161 1087 4198 esser.
1107 4161 1132 4213 q.
1161 4151 1251 4197 tenent
1266 4145 1359 4223 Areos

271 4233 347 4296 ‘eam
363 4218 491 4280 Etrooeco,
509 4218 560 4271 hoc
578 4215 705 4286 loquendi
723 4230 809 4294 genus
826 4230 844 4267 a
860 4212 979 4293 Vergilio
998 4212 1115 4267 ahenum
1134 4228 1192 4266 esse
1210 4212 1357 4292 contendit.

178 4282 850 4474 uffimtme
867 4279 1357 4479 ΐῇιΐιμ.

210 4436 322 4473 reare
350 4438 413 4475 oea.
477 4437 519 4475 am
565 4437 598 4474 rc
683 4437 711 4471 m
771 4434 802 4469 os
832 4434 875 4470 ess
1003 4435 1029 4469 m
1047 4434 1093 4470 err
1219 4435 1260 4470 ras
1345 4444 1356 4454 ·

179 4502 242 4539 mus
260 4486 334 4541 inira
351 4505 375 4544 v.
394 4492 452 4543 364.
469 4519 502 4529 -
520 4488 650 4542 Medios
666 4486 739 4539 inter
755 4486 816 4538 loca
833 4485 880 4537 illa
897 4487 925 4538 et
942 4486 1032 4539 castra
1044 4484 1166 4540 Troiana.
1226 4485 1244 4537 f.
1263 4484 1284 4550 I,
1298 4487 1356 4535 682.

175 4553 815 4745 ἓνἓιῗιῖιιιέιιιιξὲιῖἶιέιῖἔέιθιιζπιιιιιοξὲιὲιιὲξι
843 4552 1102 4688 iiiniiprit’iniii'
1119 4556 1179 4674 ciiii
1196 4592 1288 4674 eiorta
1304 4592 1356 4673 erit

176 4705 288 4838 plum
306 4709 373 4823 incid,
386 4732 423 4813 ¹ut
441 4736 510 4812 nihil
528 4760 573 4825 sit,
593 4758 663 4828 quod
682 4758 756 4827 prius
774 4757 867 4825 agas.“
901 4755 1015 4808 Primam
1042 4756 1113 4809 enim
1136 4755 1182 4834 hic
1199 4753 1356 4831 simpliciter

175 4843 193 4883 1.
213 4845 239 4897 q.
259 4826 343 4894 illico,
362 4827 467 4907 statim,
486 4826 530 4894 (cf.
548 4826 653 4880 adnott.
670 4822 860 4945 addAen.fVII,
879 4826 937 4944 138i
944 4823 999 4888 aL).
1036 4824 1148 4948 Aurqqq¹3
1156 4821 1224 4940 nthl
1244 4821 1286 4941 aq
1298 4838 1355 4875 rem

175 4896 510 5037 testimodium
538 4893 703 5031 trudi
716 4907 873 5014 tutti:
898 4898 1354 5027 tienmmts’ttttt

559 4691 634 4752 Vlll,
653 4694 677 4742 A.
697 4694 726 4743 et
743 4688 804 4754 VH,
824 4690 891 4751 118..
908 4687 936 4740 in
954 4686 1018 4741 edit
1036 4689 1174 4742 recentius.
1195 4686 1295 4741 rectius
1313 4702 1356 4739 ex·
1463 4708 1467 4718 ·
