3359 5725
535 580 766 647 AENEIDOS
788 583 872 649 LIB.
893 585 951 652 IX.

136 742 278 807 Aenean
298 744 398 809 acciri
420 765 541 827 omnes,
563 747 766 835 populusque
784 756 969 835 patresque,

136 825 340 911 Exposount
361 827 509 911 mittique
530 831 632 913 viros,
652 832 708 918 qui
729 845 819 896 certa
840 842 1016 917 reportent.

137 909 188 989 Si,
209 908 271 973 tibi
292 931 375 997 qnae
397 932 506 997 posco,
528 917 722 998 promittunt
741 951 783 961 —
804 937 879 978 nam
901 915 981 979 mihi
1003 917 1083 980 facti

136 993 248 1056 Fama
271 1004 323 1057 sat
344 1004 393 1058 est
414 1030 469 1076 —‚
491 995 613 1061 tumulo
637 997 751 1063 videor
773 1001 918 1084 reperire
941 998 1001 1063 sub
1023 999 1079 1063 illo
1267 1015 1314 1064 195
1369 1033 1375 1053 ι

137 1075 244 1139 Posse
266 1077 353 1140 viam
376 1078 419 1142 ad
442 1099 552 1143 muros
573 1090 606 1145 et
626 1083 754 1145 moenia
774 1081 977 1146 Pallantea.“

137 1158 312 1244 Obstipuit
332 1183 451 1246 magno
472 1161 605 1226 laudum
628 1185 802 1249 percussus
824 1186 935 1230 amore

136 1240 316 1327 Euryalus,
339 1244 433 1309 simul
455 1243 506 1309 his
528 1244 695 1311 ardentem
719 1248 837 1312 affatur
859 1249 1014 1313 amicum:

136 1324 258 1408 „Mene
280 1327 381 1411 igitur
403 1329 525 1393 socium
548 1330 683 1395 summis
705 1330 885 1417 adiungere
907 1330 1015 1413 rebus,

136 1681 198 1731 tare
230 1680 258 1731 at
286 1675 405 1733 volvere:
437 1676 490 1745 [est
518 1678 589 1731 euIm
618 1677 692 1733 verbi
713 1677 828 1733 obsoleti
847 1681 955 1747 datm,
985 1681 1056 1736 unde
1073 1684 1181 1751 miliia,
1212 1683 1313 1747 corito,

137 1744 254 1808 δικάζω,
288 1744 517 1813 frequentativum
549 1746 655 1814 moto,
683 1745 830 1802 considero.
866 1747 909 1801 ct.
936 1749 1045 1803 Ernesti
1067 1751 1140 1806 Clas.
1159 1752 1212 1805 Cic.
1242 1752 1313 1804 hv.

136 1812 246 1880 nice]
280 1812 371 1866 Etiam
389 1812 508 1867 Servius:
538 1814 665 1879 dubitem,
683 1815 701 1870 ι’,
721 1832 743 1867 e.
760 1832 793 1869 co
819 1814 902 1869 'tem.“
928 1818 1027 1886 (Heyn.
1062 1818 1102 1873 CI.
1121 1819 1214 1873 Plaut.
1234 1819 1312 1888 (lapt.

138 1880 175 1940 ll,
193 1886 220 1942 3,
239 1884 281 1933 95.
311 1880 370 1935 Ter.
387 1880 436 1935 Ad.
454 1880 536 1942 1v‚5
569 1885 609 1934 57.
640 1881 695 1935 Cic.
721 1881 772 1939 off.
812 1887 864 1949 ,³,
882 1888 906 1939 3.
936 1884 1006 1938 Phil.
1026 1887 1058 1949 V,
1076 1889 1100 1949 3,
1119 1891 1143 1940 6.
1169 1903 1217 1955 pro
1236 1887 1311 1941 Raso.

137 1951 199 2002 Ain.
220 1951 261 2014 31,
280 1951 322 2003 88.
351 1920 567 2013 0113111111,
586 1950 645 2001 691.
664 1952 714 2005 etc.
735 1979 766 1988 -
785 1966 869 2019 qaae
897 1969 983 2006 nunc
1010 1955 1120 2008 animo
1148 1956 1312 2007 sententia

136 2023 267 2084 serpat.
301 2015 344 2069 CI.
361 2015 383 2083 I,
401 2018 459 2071 582.
477 2013 592 2075 -1112.
607 2017 759 2087 populus
785 2026 955 2088 uepatree
982 2037 1032 2084 ae,
1051 2023 1083 2074 ut
1100 2022 1147 2088 IV,
1166 2026 1223 2075 632.
1260 2022 1313 2074 Ro·

138 2099 282 2137 manorum
309 2083 437 2137 instituta
455 2082 539 2163 etIam
556 2084 601 2137 hic
618 2100 635 2137 a
652 2088 734 2153 poeta
768 2154 773 2165 Ι
803 2086 863 2140 anti
882 2102 917 2141 ua
936 2039 985 2142 illle
1002 2092 1124 2159 tempora
1142 2091 1312 2144 transferun-

138 2154 193 2205 tur.
228 2150 356 2205 Getarum
375 2153 476 2271 repetit
491 2151 557 2205 haec
576 2152 657 2206 verba
673 2153 807 2206 Ausonius
824 2153 853 2206 in
907 2158 946 2209 nt.
964 2160 1042 2225 nupt.
1061 2161 1102 2210 30.
1121 2186 1154 2194 -
1174 2156 1234 2217 133.
1261 2175 1313 2210 re·

134 2226 289 2288 portent,
320 2234 408 2273 nona
443 2219 541 2281 lenm,
571 2218 618 2274 sed
636 2218 671 2273 ad
690 2236 760 2288 eum,
788 2236 867 2290 quem
886 2221 974 2277 adhue
991 2221 1064 2292 apud
1081 2224 1236 2278 Evandrum
1255 2241 1312 2278 ver-

137 2286 193 2340 sari
223 2285 370 2342 credebant
398 2286 462 2353 (vid.
492 2302 518 2340 v.
551 2289 633 2353 136.);
665 2288 711 2357 qni
738 2288 844 2343 Aeneae
874 2293 948 2344 certa
975 2291 1090 2344 nutient.
1131 2292 1193 2345 Noli
1221 2296 1312 2347 tamen

138 2357 283 2423 propterea
312 2360 458 2423 reportare
479 2369 538 2408 cnm
557 2354 641 2423 Heyn.
661 2371 710 2422 pro
727 2355 844 2424 simplici
858 2364 974 2426 portare
992 2359 1112 2426 posItum
1129 2358 1236 2425 habere,
1265 2361 1312 2413 sed

137 2422 276 2491 significat
305 2422 364 2475 visa
393 2422 436 2475 vel
464 2422 559 2475 andila
579 2438 643 2476 voce
661 2422 738 2491 quasi
756 2428 958 2491 repraesentare
997 2441 1049 2494 qno
1067 2441 1148 2478 sensu
1164 2442 1313 2479 renai-rare

137 2488 255 2557 legimus
272 2489 323 2553 ΙΙΙ,
343 2493 400 2543 iti.
437 2489 478 2544 ct.
503 2489 608 2544 adnott.
627 2489 662 2543 ad
681 2489 742 2557 VII,
761 2494 818 2544 161.
854 2490 936 2545 Silius
953 2466 975 2552 l,
998 2496 1057 2546 634.
1077 2492 1147 2544 hunc
1165 2492 1254 2546 locuni
1273 2495 1311 2545 sic

138 2556 279 2611 imItatur:
309 2558 441 2626 mittitque
468 2557 552 2619 viros,
580 2558 631 2625 qni
653 2564 751 2610 exacta
766 2559 909 2627 explorent
926 2558 1052 2626 (fortasse
1070 2559 1151 2612 simul
1168 2561 1312 2628 respiciens

138 2626 204 2678 Aen.
223 2624 245 2692 l,
264 2628 344 2691 3091.
361 2654 396 2665 -
414 2624 477 2685 194.
510 2624 691 2691 „Praemium
720 2624 791 2693 qnod
819 2629 963 2693 protento
986 2642 1051 2680 anso
1069 2642 1177 2695 poscere
1194 2631 1311 2696 poterat,

136 2707 283 2759 generosus
311 2708 378 2761 puer
408 2691 551 2746 concedere
574 2692 634 2745 vult
651 2691 737 2745 amieo
755 2692 796 2746 En
829 2692 880 2761 alo,
909 2692 968 2761 ipse
988 2694 1069 2748 laude
1086 2694 1152 2747 facti
1170 2698 1312 2750 contentus

138 2774 208 2812 esse.
244 2759 337 2814 Dicas:
366 2763 397 2814 at
420 2760 491 2813 Infra
508 2776 533 2813 v.
552 2763 601 2813 234
619 2775 676 2828 sqq.
695 2759 764 2813 nihil
780 2762 835 2815 tae
852 2760 975 2828 postulat
992 2762 1084 2815 Nisus.
1119 2763 1218 2816 Verum
1236 2766 1312 2816 ante-

137 2826 224 2880 vertit
253 2826 309 2881 eiua
317 2828 476 2949 lpostulata
503 2842 633 2897 generosa
661 2827 801 2883 voluntate
819 2829 953 2883 Ascanius
976 2829 1131 2951 plollicendo
1148 2831 1269 2909 praemia
1285 2847 1310 2885 v.

137 2897 188 2948 252
206 2898 285 2964 sqq.“
349 2913 407 2966 eyn.
445 2895 572 2950 Ceterum
601 2911 662 2949 cum
678 2895 772 2964 Wagn.
808 2896 947 2967 vulgarem
996 2897 1160 2967 'stinguendi
1179 2899 1311 2953 rationem

138 2963 173 3016 sa·
188 2963 249 3028 tibi,
280 2979 352 3032 quae
363 2981 461 3034 posco,
526 2964 652 3017 amitant
679 2963 856 3031 mutavimus3
885 2963 956 3034 quod
973 2965 1081 3036 flagitat
1098 2967 1229 3033 oppositio
1246 2967 1314 3017 titi

136 3048 223 3101 posco
240 3061 273 3069 -
290 3033 372 3084 mitt
385 3033 459 3111 facti
492 3049 555 3085 cmc
571 3039 616 3085 act
631 3039 676 3084 est.
711 3031 804 3101 septi..
823 3032 916 3087 Goasr.
934 3035 962 3084 et
979 3034 1060 3086 ceteri
1078 3032 1237 3086 recentiores
1256 3032 1311 3086 edi-

138 3103 212 3152 tores
241 3113 346 3153 omnem
365 3099 565 3153 distinctionem
583 3097 727 3161 sustulere,
758 3098 872 3152 cunrad
890 3115 997 3152 sensnm
1035 3098 1126 3152 erinde
1144 3099 1190 3160 sIt,
1219 3102 1310 3152 utrum

137 3166 190 3218 titi·
217 3182 278 3219 cum
305 3183 401 3236 posco,
430 3183 465 3221 an
496 3183 557 3222 cnm
585 3168 747 3236 promam
765 3166 967 3235 coniungamus,
996 3116 1034 3219 el)
1042 3165 1192 3233 Conington
1211 3166 1311 3220 diserte

137 3235 233 3288 eontra
249 3234 346 3303 Wagn.
376 3235 499 3304 disputat
528 3234 691 3302 coniungens
719 3233 801 3287 verba
828 3234 880 3286 titi
894 3234 1061 3302 promittant.
1096 3232 1210 3297 Peerlk,
1240 3233 1310 3303 qnod

137 3301 301 3371 „indignum
319 3303 357 3356 ait
372 3317 501 3371 generoso
519 3303 635 3371 pectore,
661 3316 722 3354 cum
739 3300 772 3353 de
789 3299 847 3353 suis
865 3300 932 3354 bene
950 3303 1041 3369 posset
1068 3300 1172 3367 mereri,
1201 3316 1233 3354 ea
1249 3308 1310 3354 tan·

137 3374 196 3423 tum
228 3369 381 3424 conditione
410 3368 479 3424 velle
496 3369 601 3434 mereri,
633 3368 656 3422 si
673 3368 759 3422 amico
779 3367 884 3431 darent,
914 3383 980 3437 quae
997 3370 1148 3437 posceret,“
1182 3370 1248 3423 coni.
1276 3370 1312 3423 Si

137 3438 196 3503 ios
225 3454 297 3506 quae
314 3454 427 3508 spero,
452 3439 630 3508 prmntltunn
648 3452 703 3506 qua
719 3435 871 3489 coniectura
889 3435 968 3489 facile
986 3436 1197 3504 supersedemus.
1233 3437 1310 3490 Cete-

137 3522 198 3559 ruin
217 3519 278 3558 cuin
295 3506 384 3562 uerbis
401 3506 438 3560 si
452 3506 623 3576 precntum,
644 3533 656 3545 ·
675 3532 686 3544 -
704 3503 803 3556 videor
819 3503 855 3556 cI.
874 3502 970 3556 similis
986 3503 1061 3556 locus
1077 3503 1114 3570 II,
1133 3506 1191 3559 349.
1211 3504 1247 3558 δι’
1262 3521 1310 3558 υο-

136 3575 178 3627 bi's
195 3575 309 3643 nqeue,
328 3601 340 3613 ·
355 3601 368 3614 ·
383 3574 491 3627 videas.
525 3572 616 3627 Verba
632 3574 723 3626 autem
746 3572 844 3624 vitlem·
859 3589 876 3623 r
911 3570 983 3624 eiii-e
1002 3574 1053 3624 etc.
1072 3571 1154 3624 simul
1172 3572 1310 3625 continent

136 3641 265 3694 omissam
296 3641 459 3695 sententiam
487 3639 662 3708 primariam:
692 3638 846 3707 proficiscar
914 3639 1040 3692 Aeneam.
1071 3638 1176 3695 Laden.
1196 3640 1311 3693 conferri

136 3709 214 3762 iubet
230 3708 279 3762 hos
299 3709 370 3762 locos
388 3708 513 3762 sImiliter
530 3707 722 3761 conformatos:
752 3705 817 3785 Geo.
837 3706 885 3769 IV,
905 3709 952 3760 281
973 3723 1031 3787 sqq.
1054 3707 1121 3759 Aen.
1138 3708 1162 3773 I,
1184 3711 1232 3760 521
1252 3725 1309 3828 sqq.

135 3776 172 3841 11,
192 3779 242 3829 343
260 3792 298 3845 aq.
315 3776 363 3842 IX,
383 3780 431 3829 267
453 3792 512 3845 sqq.
529 3808 561 3816 -
579 3773 641 3836 196.
671 3790 824 3843 reperere
841 3773 947 3828 Posse
970 3792 1056 3827 ciam
1074 3775 1124 3828 etc.
1160 3775 1220 3830 Vid.
1239 3775 1265 3827 in
1281 3792 1311 3828 ra

135 3844 172 3897 ad
189 3859 215 3897 v.
234 3846 293 3898 238.
310 3875 345 3884 -
361 3860 476 3898 muros
503 3850 532 3896 et
559 3843 700 3896 moenia.
734 3840 796 3894 Vid.
814 3841 850 3895 ad
867 3841 905 3901 ΙΙ.
922 3845 980 3894 234.
1014 3841 1119 3895 Peerlk.
1138 3845 1246 3910 praeter
1265 3860 1311 3895 ne·

136 3911 294 3965 cessitatem
323 3912 390 3966 coni.
408 3914 449 3965 ad
464 3917 566 3965 montes
584 3916 610 3963 et
624 3908 741 3970 moenia,
773 3924 834 3962 cum
853 3908 1024 3962 Pallanteum
1044 3925 1075 3962 ex
1091 3908 1156 3962 Aen.
1174 3909 1249 3970 VIII,
1270 3914 1310 3963 52.

135 3978 195 4047 (nbi
211 3977 265 4033 viil
285 3978 402 4046 adnott.)
421 3980 449 4032 iu
466 3980 557 4033 monte
574 3978 658 4032 situm
676 3976 771 4030 fuerit!
796 3976 913 4030 Moenia
929 3976 1079 4029 Pallantea
1096 3975 1210 4043 legimus
1228 3975 1311 4028 etiam

135 4047 209 4100 iufra
236 4061 261 4099 v.
280 4050 340 4101 241.
371 4049 399 4101 et
427 4048 456 4101 iii
471 4045 555 4102 anth.
573 4045 635 4100 Lat.
654 4044 692 4110 Π,
712 4046 768 4107 133,
786 4047 827 4098 38.
866 4043 907 4096 De
931 4043 1019 4096 forma
1047 4043 1136 4096 autem
1162 4043 1310 4095 411113·

135 4116 244 4168 lonteus
259 4129 321 4169 cum
339 4112 467 4183 oppidum
484 4114 572 4182 ipsam
590 4111 765 4167 Pactaicaim
781 4110 943 4181 appelletur,
962 4109 1015 4165 vid.
1037 4108 1144 4163 adnott.
1162 4108 1197 4163 ad
1213 4110 1237 4171 I,
1252 4113 1310 4163 686.

134 4182 187 4248 III,
206 4185 264 4235 1102.
282 4182 330 4247 IV,
349 4185 407 4236 55².
425 4182 459 4235 al.
480 4211 513 4220 -
531 4180 592 4240 197.
622 4180 760 4233 laudum
774 4194 955 4249 percussus
973 4179 1109 4244 (πληγείς)
1128 4193 1244 4232 amore.
1262 4177 1310 4231 Vi·

135 4250 216 4304 detur
232 4253 314 4317 poeta
332 4250 360 4303 in
377 4252 468 4304 mente
485 4248 613 4303 habuisse
629 4246 750 4301 Itncretii
765 4247 848 4301 verba
865 4246 889 4313 Ι,
908 4249 966 4299 922.
984 4244 1126 4298 Percussit
1141 4246 1234 4314 thyrso
1252 4248 1311 4300 lau·

134 4318 181 4371 cii
208 4334 271 4387 epea
297 4333 400 4387 mcqna
429 4333 518 4370 meum
548 4332 605 4369 cor.
640 4314 683 4371 Cf.
706 4314 787 4368 etiam
806 4313 870 4368 Geo.
890 4313 927 4377 Π,
946 4316 1005 4366 416.
1037 4312 1127 4381 ibique
1156 4313 1260 4367 adnott.
1279 4341 1312 4352 —

133 4387 252 4439 Amor
282 4386 443 4439 landem
471 4383 586 4453 legimns
616 4382 698 4436 etiam
728 4381 790 4436 Geo.
813 4380 865 4446 111,
886 4384 941 4435 112.
976 4381 1063 4448 Ileyn.
1093 4380 1206 4435 conferri
1236 4381 1312 4435 iubet

135 4452 263 4507 Valcken.
292 4452 328 4507 ad
346 4453 409 4507 Eur.
428 4452 511 4521 Hipp.
531 4455 612 4513 1303..
643 4451 740 4504 audes
765 4450 857 4502 autem
875 4465 923 4517 pro
940 4447 1103 4502 facinoribus
1120 4448 1265 4516 praeclaris
1283 4450 1311 4499 et

132 4523 246 4584 virtute,
276 4535 332 4590 qua
361 4520 396 4574 ad
424 4535 457 4574 ea
474 4518 609 4588 patranda
627 4532 695 4585 opas
715 4515 752 4568 sit
788 4515 908 4583 positum
927 4532 986 4569 esse
1004 4516 1090 4582 (locet,
1120 4516 1180 4569 coll.
1197 4515 1268 4575 Iulia
1285 4529 1309 4567 v.

133 4593 193 4645 ase.
211 4588 245 4652 V,
263 4592 323 4642 aio.
353 4590 381 4642 et
404 4587 559 4650 1111111.
594 4585 635 4640 ot.
666 4555 772 4638 adnot.
806 4583 841 4636 ai
864 4583 888 4649 1,
911 4586 967 4638 iet.
1004 4584 1129 4636 ceterum
1158 4583 1239 4637 etiam
1267 4580 1312 4632 iic

133 4657 226 4728 plnres
244 4654 328 4710 Codd.
358 4654 503 4725 poroselene
525 4653 658 4708 exhibent.
692 4650 753 4707 Vid.
771 4650 806 4704 ad
822 4650 846 4713 I,
865 4654 923 4704 513.
941 4680 975 4688 -
992 4649 1046 4711 199
1063 4666 1120 4728 sqq.
1152 4646 1311 4716 „Euryalus

132 4741 195 4779 enin
225 4722 297 4777 nolit
313 4722 389 4792 Nyso
418 4722 521 4785 cedere,
552 4720 663 4791 periculi
686 4718 899 4773 communionem
927 4718 978 4771 sibi
1004 4718 1133 4795 depossit.
1168 4717 1309 4795 Certamen

133 4794 184 4847 Iioc
214 4792 288 4846 inter
317 4791 418 4846 amicos
435 4789 517 4845 Silius
534 4804 586 4843 non
606 4787 751 4843 Infeliciter
767 4785 913 4840 transtulit
928 4785 963 4839 ad
981 4787 1177 4839 contentionem
1194 4782 1310 4836 similem

131 4862 204 4915 inter
220 4858 346 4924 hnilcen,
376 4873 495 4922 uxorein,
524 4859 553 4910 et
575 4854 755 4911 Hannibalem
778 4853 830 4921 111,
857 4856 905 4907 1118
922 4869 980 4933 sqq.
1010 4854 1038 4906 et
1056 4856 1087 4904 ie
1105 4856 1182 4930 sqq.“
1220 4850 1310 4917 Heyn.

133 4930 194 4984 Non
214 4927 325 4982 videtin
344 4941 412 4996 opus
429 4940 497 4991 ease,
513 4926 545 4977 ut
562 4924 733 4994 suppleamus
750 4920 801 4973 tilii
817 4921 856 4987 (in
873 4936 986 4975 summis
1003 4919 1102 4996 rebus),
1121 4934 1138 4971 1.
1152 4934 1174 4971 e.
1192 4933 1313 4996 summas

132 5012 175 5053 res
203 4996 351 5060 affectum
382 5007 526 5064 possumus
548 4992 630 5047 ettam
652 4990 811 5058 coniungere
829 4988 980 5057 adtunqere
997 4987 1202 5040 maneretis
1219 4988 1311 5054 (tertio

1054 5068 1100 5124 16*
