3359 5725
305 559 366 621 712
659 550 887 618 MORETUM
907 573 938 615 v.
958 554 1103 628 23-734.

304 717 495 785 Praeverrit
516 718 623 784 csuda
643 716 749 782 silices
771 719 994 803 gremiumque
1015 715 1188 781 molarum.

304 802 454 868 Advocat
474 800 551 866 inde
568 823 682 890 manus
706 804 807 887 operi,
831 803 973 888 partitus
992 802 1170 900 utrimque:

305 887 420 950 Laeva
441 884 631 965 ministerio,
655 884 772 949 dextra
794 896 844 949 est
863 879 988 950 intenta
1008 883 1131 964 labor13

306 969 507 1034 Haec-rotat
527 967 701 1033 adsiduum
722 969 815 1055 gyris
838 977 870 1031 et
891 967 1033 1033 concitat
1054 966 1167 1031 orbem

306 1090 349 1103 -
370 1051 483 1115 Tunsa
503 1048 604 1116 Ocres
622 1051 750 1116 silicum
771 1050 890 1138 rspido
912 1050 1056 1116 decurrit
1078 1048 1120 1114 ab
1143 1051 1214 1114 ictu
1238 1087 1294 1133 —,

307 1134 474 1202 Interdum
491 1134 598 1198 fessae
622 1134 768 1200 succedit
790 1134 887 1199 laeva
907 1134 1014 1199 sorori

307 1219 522 1305 Alternatque
543 1219 642 1283 vices.
685 1216 784 1284 Modo
805 1218 929 1283 rustica
952 1217 1100 1282 carmina
1121 1224 1235 1282 cantat

308 1302 504 1388 Agrestique
527 1323 619 1365 suum
643 1300 767 1367 solatur
789 1299 1052 1383 recelaborem3

308 1384 478 1451 Interdum
501 1383 620 1449 clamat
641 1382 814 1470 Scybalen.
857 1379 940 1449 Erat
963 1384 1062 1449 unica
1082 1392 1202 1466 custos,

307 1469 390 1534 Afra
411 1489 524 1553 genus,
546 1477 616 1532 tots
638 1470 779 1554 patriam
801 1476 942 1532 testante
963 1466 1079 1553 figura,

310 1553 414 1618 Torta
436 1572 562 1616 comam
584 1550 742 1638 labroque
763 1561 889 1615 tumens
909 1559 942 1616 et
962 1550 1055 1615 fusca
1072 1547 1191 1630 colore,

309 1631 447 1700 Pectore
467 1634 544 1715 lata,
564 1635 674 1720 iscens
693 1635 854 1716 mammis,
877 1634 1093 1721 compressior
1115 1632 1202 1714 alvo,

309 1805 520 1815 ——-—----——-

310 1923 334 1976 9.
354 1920 382 1975 et
400 1917 515 1974 Oasaub.
533 1916 568 1972 ad
585 1903 719 1985 Theophr.
737 1917 817 1972 Char.
832 1921 902 1971 4.-
919 1914 966 1978 23.
985 1917 1107 1980 cauda,
1125 1913 1259 1985 peniculo,
1278 1931 1334 1985 quo
1353 1916 1389 1970 ad
1407 1916 1489 1971 deter-

329 1987 413 2042 eudas
430 2001 536 2040 mensas
554 1987 583 2039 et
600 1984 655 2039 alis
672 1986 821 2039 utebantur
837 1987 956 2049 veterem
993 1999 1138 2054 uamqusm
1155 1982 1239 2036 etiam
1259 1982 1420 2053 dependens
1437 1984 1488 2053 pel·

309 2005 355 2124 lis,
378 2070 433 2125 qua
450 2054 567 2123 Simylus
584 2051 696 2105 indutus
715 2055 765 2116 est,
796 2052 895 2107 lacinia
912 2053 969 2108 inte
994 2053 999 2065 ’
1022 2053 1031 2105 i
1048 2053 1145 2122 potest.
1167 2080 1201 2090 —
1217 2051 1345 2105 silices
1364 2056 1429 2106 suut
1445 2068 1487 2119 ge·

311 2122 379 2177 mini
394 2122 500 2191 lapides
518 2120 632 2174 molares
664 2120 762 2189 quibus
782 2136 813 2173 eu
832 2120 932 2188 Heyuii
949 2136 1028 2185 cona,
1046 2135 1127 2188 quam
1145 2116 1211 2171 Cod.
1229 2117 1332 2173 Teller.
1352 2119 1488 2173 coufirmat

312 2193 340 2244 et
357 2189 443 2259 Sillig.
464 2203 523 2242 rece
543 2188 574 2252 it,
593 2160 675 2242 verlra
691 2187 877 2256 persicumque
895 2188 1026 2242 moleiras
1043 2203 1090 2257 per
1102 2184 1261 2254 epexegesiu
1274 2187 1418 2241 adduntur
1430 2185 1485 2252 (rid

311 2256 415 2312 adnott.
435 2255 470 2309 ad
487 2255 527 2309 Oa
569 2254 634 2318 .xl‚
648 2256 710 2319 tt).
733 2254 810 2308 Iahu.
829 2258 930 2322 tamem
951 2256 1051 2324 Haupt.
1064 2257 1092 2307 et
1104 2254 1268 2321 posteriores
1280 2253 1410 2322 editores,
1428 2271 1486 2325 quos

312 2323 399 2379 secuti
417 2338 526 2386 sumus,
551 2322 722 2377 retinuerunt
739 2322 878 2391 vulgarem
895 2323 1038 2377 lectionem
1079 2322 1286 2390 rentiumque
1312 2322 1485 2385 molarum,

311 2394 344 2446 ut
380 2391 494 2445 remium
512 2390 549 2443 sit
567 2406 661 2445 cavum
681 2389 757 2455 illud,
776 2391 804 2443 in
822 2407 874 2461 quo
892 2390 996 2459 lapides
1015 2340 1129 2443 molares
1140 2388 1375 2456 circumaguntur,
1388 2390 1485 2446 ethu.

311 2477 355 2514 mo
386 2477 448 2513 rum
465 2475 513 2529 pro
531 2458 647 2526 simplici
664 2457 824 2512 Pronomine
843 2459 990 2512 demonstr.
1009 2460 1072 2527 post
1090 2457 1181 2510 silices
1193 2456 1339 2526 repetitus.
1367 2458 1486 2512 Ceterum

313 2527 405 2597 Repu.
423 2526 489 2581 haec
506 2526 632 2580 adnotut:
652 2526 806 2593 „Describit
824 2528 917 2580 autem
953 2530 1015 2580 oeta
1032 2524 1131 2579 molam
1147 2524 1328 2588 manuatim,
1339 2526 1486 2580 trusstilen

312 2611 361 2649 seu
376 2594 540 2659 versatilem,
558 2593 630 2646 binis
648 2594 719 2647 saxis
737 2593 840 2664 asperis
858 2594 899 2648 ita
917 2611 940 2647 ει
959 2594 969 2647 i
988 2591 1132 2662 impositis,
1158 2594 1199 2654 ut,
1220 2590 1351 2648 inferiore
1370 2599 1487 2648 manente

312 2662 453 2726 immobili,
472 2660 605 2731 superius,
642 2661 696 2715 uod
713 2677 738 2714 v.
759 2664 800 2715 26.
820 2662 910 2715 orbem
928 2660 1036 2730 appella
1076 2660 1270 2715 circumactum
1290 2662 1393 2715 attritu
1409 2676 1487 2730 grana

312 2731 482 2810 frangeret.“
519 2678 658 2782 Eiusmddi
683 2729 784 2783 molam
807 2729 891 2783 etiam
913 2728 982 2783 Cato
1001 2728 1032 2781 R
1076 2744 1123 2780 .c.
1143 2730 1182 2781 10.
1201 2728 1275 2781 inter
1294 2745 1327 2782 su
1349 2729 1486 2784 elleetileru

312 2803 442 2852 rusticam
465 2796 556 2851 refert.
574 2795 616 2852 Cf.
634 2796 718 2850 etiam
735 2796 828 2851 Gcetu.
842 2796 876 2850 de
887 2796 1011 2866 pistrinis
1023 2812 1046 2851 c.
1060 2799 1083 2850 3.
1096 2800 1119 2858 t.
1135 2798 1183 2860 12,
1195 2811 1213 2848 a
1223 2795 1271 2849 We
1341 2797 1408 2851 orfio
1421 2795 1486 2851 lsud.

312 2895 346 2947 ².
357 2864 403 2925 24.
420 2866 577 2944 partitus
594 2866 780 2934 utrimque,
796 2865 869 2919 iuter
881 2869 1024 2934 utramque
1036 2880 1147 2946 manum
1158 2879 1227 2932 opus
1237 2866 1369 2944 partitus
1388 2866 1429 2920 ef.
1439 2865 1487 2945 Ῥει-

312 2932 1487 3082 titt:illest-tituli?sitibit,stuttttttstutt

312 3071 517 3191 stetisti
536 3066 747 3201 ttttbtttt·
760 3065 1489 3215 adsuetusleustetttttut

315 3205 430 3260 ridetur.
443 3234 477 3244 -
488 3153 541 3264 ἳξξ
554 3203 606 3257 Ριο
623 3202 698 3273 vulg.
712 3205 840 3258 adsiduis
857 3220 875 3258 a
893 3207 1007 3273 quatuor
1020 3202 1104 3257 codd.
1119 3201 1239 3282 exbsbrto
1259 3219 1321 3256 cum
1336 3204 1455 3274 Hauptio
1466 3205 1489 3256 et

312 3273 508 3355 posterioribus
531 3271 681 3326 editoribus
699 3273 789 3340 recepi
805 3272 981 3341 plurimorum
1000 3270 1084 3350 codd.
1103 3270 1245 3324 leotronam
1262 3271 1421 3325 adsiduus.
1455 3271 1490 3324 Dc

312 3338 793 3488 ludrldficlleldquddlsllilrlsmlssdelileit
810 3338 1082 3487 invssbdussiemffl'.
1109 3337 1490 3486 allevd'eldrc-prdllrulddlrntl

315 3478 405 3546 posita
422 3474 477 3529 md.
497 3475 532 3528 ad
551 3473 607 3528 Ecl.
627 3475 659 3540 V,
677 3477 718 3528 69.
748 3473 801 3528 Pro
820 3481 879 3528 actu
895 3473 1018 3528 Wernsd.
1038 3489 1099 3527 eum
1118 3472 1216 3541 Ssshg.
1235 3474 1317 3527 maht
1334 3483 1408 3535 acm,
1425 3490 1491 3528 coru·

313 3559 414 3612 paraus
431 3542 540 3596 Petron.
559 3557 581 3595 c.
603 3543 660 3595 135.
679 3557 752 3609 quoe
767 3542 855 3621 sacili
869 3541 934 3595 aslis
951 3549 1014 3595 rota
1030 3545 1147 3605 fimum
1164 3548 1238 3594 actu.
1253 3571 1285 3581 —
1296 3539 1346 3603 29.
1364 3542 1492 3596 rustica

314 3611 481 3673 earmina,
499 3606 649 3688 praemisso
666 3607 816 3670 Adiectrvo,
840 3609 906 3678 quia
924 3626 976 3663 nou
995 3610 1082 3663 solum
1103 3611 1145 3663 est
1163 3624 1263 3663 ornans
1280 3610 1432 3679 epitheton,
1450 3607 1492 3663 sel

334 3693 400 3731 enus
430 3691 579 3731 csrmruum
611 3675 764 3729 accuratius
788 3675 883 3729 defluit
900 3676 1013 3745 ideoque
1030 3675 1231 3745 pronuntiando
1249 3677 1429 3746 premendum
1445 3679 1491 3731 est.
1514 3698 1520 3709 ·

313 3695 375 3799 lid.
394 3743 430 3798 ad
446 3744 511 3798 Aen.
531 3742 564 3809 V,
584 3745 644 3796 84⁰.
679 3743 719 3797 De
750 3742 817 3812 ipsis
847 3744 1013 3798 carminibus
1041 3744 1150 3798 rusticis
1167 3742 1255 3812 Sillig.
1288 3746 1405 3800 conferri
1423 3745 1492 3798 iubet

313 3812 376 3867 Zell.
397 3810 631 3878 Feriusaehristeu
647 3809 669 3863 1.
699 3826 727 3878 p.
747 3813 778 3864 83
808 3827 868 3880 sqq.
898 3814 926 3865 et
944 3812 980 3865 II.
1006 3829 1033 3881 p.
1055 3816 1112 3866 207.
1130 3811 1227 3872 -33
1256 3814 1392 3868 solatur
1419 3828 1493 3867 aces

314 3882 477 3935 laborem.
513 3879 556 3933 Cf.
575 3877 680 3942 Geel,
700 3881 756 3933 293.
776 3878 836 3935 coll.
855 3879 947 3934 adnot.
965 3878 1000 3933 ad
1018 3880 1084 3934 Aen.
1104 3879 1126 3946 l,
1147 3882 1206 3934 239.
1229 3909 1263 3918 —
1287 3877 1332 3939 31.
1362 3880 1493 3935 elamat

314 3948 377 4002 vid.
402 3947 438 4003 sd
455 3947 511 4001 Eel.
530 3946 584 4010 VI,
604 3950 645 4000 44.
673 3976 705 3985 -
735 3946 910 4016 Scybalen.
947 3946 991 4002 Sic
1013 3947 1119 4017 Hsupt.
1142 3948 1170 4001 et
1193 3948 1356 4016 posteriores
1382 3947 1493 4002 editores

314 4025 393 4070 cum·
405 4015 528 4085 pluribus
550 4012 635 4070 cocu.
658 4029 707 4082 pro
729 4014 803 4136 vulf.
823 4013 950 4085 Cydam.
988 4014 1027 4068 De
1052 4014 1159 4070 nomino
1176 4015 1257 4093 huius
1276 4032 1373 4070 serrae
1391 4015 1494 4069 Werns-

314 4083 415 4138 dorlius
438 4083 535 4137 laudat
561 4081 696 4138 Heliodor.
719 4082 796 4137 VII.
823 4099 849 4152 p.
872 4085 940 4150 ³30,
971 4082 1018 4135 ubi
1043 4082 1154 4136 Arsacis
1179 4085 1272 4136 nutrix
1302 4099 1333 4137 eo
1359 4099 1395 4153 sp
1430 4083 1496 4136 llata

315 4154 549 4205 commemoratur.
579 4181 611 4191 -
647 4149 693 4211 32.
724 4149 795 4215 „Qui
822 4150 957 4221 sequitur,
987 4151 1141 4218 praeclarus
1171 4153 1214 4205 est
1240 4149 1315 4205 locus
1341 4150 1376 4205 de
1399 4150 1496 4220 abitu

313 4234 455 4288 corporum
480 4218 622 4273 Afrorum:
652 4217 698 4297 qui
730 4217 801 4272 idem
829 4235 940 4288 prorsus
966 4220 1021 4280 est,
1048 4218 1179 4291 qualem*
1201 4233 1254 4271 uno
1282 4218 1434 4283 cernimus,
1466 4220 1496 4271 ut

313 4290 442 4340 naturam
466 4286 520 4338 sibi
536 4301 585 4355 per
602 4300 693 4340 omma
719 4286 827 4340 saecula
845 4288 968 4341 constare
986 4285 1113 4340 dubitare
1131 4285 1222 4340 nouh
1270 4289 1292 4341 t.
1328 4286 1431 4341 Similis
1448 4285 1496 4340 Pe·

313 4353 396 4407 trouii
413 4352 488 4407 loeus
505 4369 528 4407 c.
547 4357 605 4407 102.
622 4353 656 4408 sd
676 4352 744 4407 alios
760 4352 869 4409 Africae
887 4356 991 4408 tractus
1011 4371 1025 4406 s
1045 4355 1119 4408 estat
1136 4351 1216 4409 etde
1233 4353 1318 4408 servis
1336 4369 1369 4408 ex
1387 4353 1496 4408 Aethio·

313 4421 359 4490 pis
391 4420 463 4490 agit,
491 4420 627 4475 similibus
658 4420 706 4486 iis,
754 4437 803 4475 uos
832 4438 929 4491 uegros
955 4371 1134 4491 appellamus.
1169 4420 1225 4476 Alii
1252 4420 1307 4475 loci
1332 4421 1445 4477 aquio
1463 4420 1496 4475 do

333 4489 423 4543 icturs
438 4487 490 4554 111,
513 4491 528 4542 8
556 4494 580 4543 4.
605 4489 661 4543 Fea
679 4488 715 4542 sd
767 4488 891 4545 iuclrelm.
909 4489 939 4543 Τ.
957 4490 979 4545 Ι,
997 4505 1023 4558 p.
1043 4493 1082 4544 65.
1103 4492 1132 4543 et
1150 4487 1274 4543 Wernsd.
1292 4505 1335 4558 sp.
1356 4489 1383 4545 b.
1402 4490 1420 4544 l.
1439 4489 1496 4559 [qui

313 4504 410 4610 laudat
427 4529 546 4611 Martial.
565 4555 605 4610 VI
631 4559 673 4618 39,
691 4559 715 4610 6.
745 4555 778 4609 de
796 4556 886 4626 spect.
905 4557 928 4623 1,
946 4560 970 4619 3,
993 4561 1031 4612 10.
1062 4559 1090 4611 et
1119 4555 1495 4625 snuotBurm.111,1s2.]

314 4626 380 4676 suut
407 4624 556 4694 congesti.“
590 4597 665 4678 Ilaec
693 4623 749 4701 lere
766 4624 857 4704 Heyu.
892 4625 1028 4679 Discimus
1057 4626 1148 4680 sutem
1174 4640 1205 4679 eu
1222 4622 1358 4686 hocloco,
1394 4627 1495 4679 veteres

314 4689 449 4746 Romanu
478 4691 609 4747 eiusmodi
638 4706 723 4745 serus
753 4692 839 4771 nigris
868 4692 995 4747 etismin
1013 4709 1078 4763 agro
1097 4691 1288 4746 selandenses
1306 4707 1374 4746 essa.
1392 4710 1496 4747 -co·

314 4758 387 4812 lore
417 4776 465 4828 pro
494 4760 568 4829 vulg.
597 4760 716 4815 colorem
733 4757 821 4814 Silh.
850 4759 967 4814 eCodd.
988 4765 1061 4814 reete
1078 4759 1210 4814 restituit.
1228 4789 1262 4799 -
1278 4756 1326 4821 34.
1352 4767 1495 4830 pectora

314 4824 432 4880 iaceat
448 4828 596 4882 mammis
631 4843 674 4882 ro:
702 4826 731 4880 in
749 4777 858 4896 pecloro
875 4831 941 4882 suut
958 4843 1093 4883 mammae
1109 4827 1237 4895 iacentes,
1268 4826 1341 4897 quod
1358 4844 1408 4896 pro
1427 4828 1494 4881 rium

314 4889 366 4945 hsc
395 4892 429 4947 de
458 4911 487 4949 ro
501 4844 684 4974 'vocabulum
720 4894 816 4950 Iacere
839 4896 873 4950 de
891 4895 1016 4977 mammis
1034 4895 1135 4966 legitur
1144 4893 1235 4977 'etism
1255 4911 1298 4964 sp.
1320 4894 1391 4949 Pliu.
1409 4845 1493 4965 Epist

316 4955 369 5022 111,
388 4963 411 5013 6.
432 4964 460 5015 et
480 4962 571 5018 Sudon.
588 4963 678 5034 Apoll.
696 4962 748 5029 111,
770 4967 809 5019 13.
844 4963 921 5019 Idem
944 4964 995 5020 mbr
1016 4963 1114 5019 volunt
1137 4962 1288 5019 ambustas
1304 4979 1437 5018 marmus
1453 4979 1494 5032 sp.
