3359 5725
676 1422 713 1504 P.
739 1422 929 1508 vulerii
954 1421 1159 1506 Maeonis

575 1592 1266 1727 AENEIS.

758 1814 872 1881 LIBER
894 1812 1072 1882 OCTAVUS.

718 2080 1126 2166 ARGUMENTUM.

324 2309 328 2315 ·
396 2282 503 2337 Turnus
521 2281 586 2336 belli
605 2280 682 2350 signo
701 2298 731 2336 er
743 2282 874 2338 Laurenti
891 2299 953 2338 arce
970 2300 1018 2352 pro
1037 2283 1106 2338 osito
1122 2282 1241 2353 undique
1261 2284 1397 2339 contrahit
1408 2284 1492 2339 auxilio

329 2354 358 2407 et
375 2349 509 2405 Venulum
526 2350 613 2405 Arlros
637 2350 672 2404 ad
690 2350 846 2405 Diomedem
873 2367 963 2420 regem
982 2300 1076 2416 midtit,
1101 2355 1133 2406 ut
1155 2367 1216 2405 eum
1277 2352 1357 2407 riculi
1379 2351 1493 2407 minantis

330 2420 404 2473 metu
426 2419 461 2473 ad
474 2417 550 2472 belli
572 2416 730 2473 societatem
753 2419 875 2488 pelliciat
897 2425 930 2486 (u.
953 2422 1062 2488 l—ll.).
1097 2421 1202 2474 Aeneae
1248 2419 1358 2475 ebello
1386 2420 1493 2476 metante

331 2486 447 2540 sollicito
466 2486 656 2554 copiarumque
674 2503 784 2540 suarum
802 2486 935 2568 paucitati
962 2485 1097 2540 diffidenti
1114 2486 1253 2543 Tiberinus
1271 2487 1299 2540 iu
1316 2505 1409 2542 somno
1425 2503 1494 2569 appa

330 2556 374 2610 ret
397 2570 511 2622 eumque
528 2554 632 2608 solatur
647 2555 677 2608 et
694 2554 811 2608 Evandri
829 2555 911 2624 regis,
934 2554 981 2624 qui
1005 2570 1037 2608 ex
1055 2554 1172 2609 Arcadia
1188 2556 1319 2634 profugus
1336 2555 1365 2609 in
1383 2556 1494 2611 Palatino

331 2623 425 2675 monte
455 2620 584 2690 oppidum
606 2620 713 2675 nomine
729 2621 901 2677 Pallanteum
920 2621 1085 2686 condiderat,
1114 2621 1243 2677 auxihum
1261 2622 1406 2692 implorare
1422 2625 1495 2685 iubet,

350 2692 475 2757 cstqnam
503 2703 580 2742 suem
608 2687 700 2742 albam
728 2705 789 2743 cum
826 2689 932 2743 arcellis
951 2689 1020 2745 albis
1037 2689 1065 2743 in
1083 2705 1113 2744 eo
1131 2690 1188 2744 loco
1206 2690 1350 2751 invenerit.
1381 2693 1428 2746 nbi
1445 2696 1496 2761 post
1546 2758 1547 2763 ἵ

329 2705 579 2810 decantantem
599 2754 722 2823 Longam
744 2772 792 2810 con
822 2759 903 2811 turus
927 2757 965 2810 sit
982 2759 1138 2825 (la-100).
1162 2760 1266 2813 Aeneas
1283 2757 1371 2826 igitur
1389 2776 1436 2815 sue
1457 2759 1497 2813 illa
1546 2768 1547 2774 ’

329 2824 441 2879 inventa
462 2824 491 2878 et
509 2822 607 2878 Iunoni
628 2826 748 2878 mactata
765 2823 855 2879 'liberi
877 2825 1022 2881 subuectus
1038 2824 1067 2879 in
1084 2841 1116 2881 ea
1132 2826 1191 2880 loca
1207 2825 1323 2892 deuenit,
1349 2827 1397 2883 ubi
1415 2831 1498 2898 postea

329 2892 415 2947 Roma
437 2890 548 2947 condita
564 2893 614 2954 est,
639 2890 731 2961 ibique
749 2892 784 2946 ab
802 2892 935 2960 Euandro,
977 2891 1005 2951 ui
1030 2893 1101 2948 forte
1119 2894 1147 2948 in
1164 2894 1225 2948 luco
1245 2897 1308 2948 ante
1326 2897 1422 2951 urbem
1438 2896 1496 2951 lier-

330 2960 385 3015 culi
406 2959 618 3016 anniversarium
642 2975 749 3014 sacrum
774 2960 909 3022 instituit,
937 2910 1070 3016 adventus
1092 2962 1134 3015 sui
1157 2977 1239 3016 causa
1262 2963 1375 3032 cognita
1393 2964 1497 3033 benigne

330 3028 446 3098 bospitio
463 3030 589 3149 “cefff
609 3027 703 3082 foedus
721 3044 782 3107 eum
799 3044 830 3082 eo
850 3028 1254 3109 facit(10,l-18{l.).·lluander
1272 3046 1383 3085 causam
1403 3032 1496 3086 illorum

330 3112 468 3176 sacrorum
490 3110 507 3150 a
578 3096 588 3149 i
609 3111 673 3150 nece
696 3097 840 3164 repetitam
863 3099 892 3153 et
913 3096 983 3151 ritus
1005 3096 1130 3151 sacrificii
1152 3098 1257 3151 Aeneae
1280 3099 1365 3153 sacris
1387 3100 1496 3178 adhibito

329 3165 725 3310 {reditreddit
742 3165 1497 3314 catenataremaledicebat

331 3300 507 3361 (coc-368).
537 3297 622 3351 Nocte
645 3300 770 3353 insecuta
785 3298 877 3354 Venus
901 3299 934 3353 de
952 3300 1078 3367 periculus
1094 3299 1151 3354 fibo
1168 3301 1374 3356 imminentibus
1392 3302 1496 3357 solbcite

330 3365 535 3419 blandientibus
552 3364 703 3418 Vulcanum
726 3365 785 3419 adit
807 3367 940 3435 precibus,
972 3369 1004 3420 ut
1027 3382 1103 3421 arma
1127 3369 1232 3422 Aeneae
1254 3367 1412 3438 fabricetur,
1452 3367 1495 3423 uod

328 3432 375 3485 ille
398 3432 472 3486 haud
501 3433 645 3486 cunctatus
670 3432 808 3501 promittit
832 3435 981 3502 statimque
1008 3433 1044 3488 ad
1068 3451 1133 3504 opus
1180 3435 1325 3490 remissum
1350 3438 1419 3505 adpr
1453 3439 1496 3490 'tur

329 3501 504 3567 (scama).
539 3498 674 3578 Postridie
694 3499 817 3555 Evander
838 3501 873 3555 ad
891 3502 1000 3555 Aenean
1019 3518 1047 3557 se
1071 3452 1179 3556 confert
1194 3519 1308 3573 eumque
1327 3505 1441 3560 ualidius
1458 3521 1495 3559 au·

330 3566 434 3634 uilium,
463 3581 544 3635 quam
568 3583 624 3634 lpse
645 3566 773 3636 praebere
799 3569 895 3636 possit,
924 3585 941 3623 a
965 3570 1122 3624 Caeretanis
1144 3571 1266 3625 Etruscis
1290 3585 1401 3641 sperare
1423 3574 1495 3631 iubet

329 3636 422 3688 tamen
447 3633 658 3704 quadringentos
680 3637 753 3689 certe
778 3635 883 3704 equites
905 3636 990 3692 lectos
1007 3638 1142 3704 Pallante,
1171 3638 1227 3692 iilic
1250 3655 1308 3702 suo,
1339 3640 1407 3695 duee
1430 3642 1453 3696 ei
1472 3653 1495 3693 se

330 3701 476 3755 missurum
505 3701 642 3781 promittit
671 3705 845 3782 (testata).
881 3706 984 3759 Aeneas
1011 3706 1152 3785 aVenere
1180 3705 1303 3828 Pf⁰ffitfi¹⁰
1333 3709 1495 3764 confirmatus

330 3771 435 3838 partem
458 3784 594 3839 caprarum
620 3786 680 3823 cum
703 3771 816 3824 naribus
839 3772 957 3826 secundo
974 3772 1083 3828 flumme
1100 3773 1135 3827 ad
1153 3775 1244 3828 castra
1296 3775 1377 3830 ciana
1393 3773 1494 3831 remittit

329 3838 358 3891 et
383 3836 488 3906 equites
511 3837 655 3906 promissos
679 3837 713 3891 ab
732 3839 858 3894 Evandro
882 3840 938 3894 acci
958 3840 981 3895 it
1003 3843 1177 3908 (abacta).
1211 3842 1336 3897 Evander
1352 3843 1493 3899 Pallantea

329 3903 364 3959 ad
381 3905 484 3959 bellum
502 3908 611 3960 euntem
630 3906 751 3973 graviter
768 3909 918 3962 commotus
936 3857 1061 3971 dimittit,
1084 3909 1189 3963 Aeneas
1211 3924 1274 3963 sero
1293 3925 1348 3965 una
1366 3928 1426 3967 cum
1442 3907 1493 3965 Pal·

329 3972 403 4028 lante
428 3975 457 4028 et
489 3973 597 4043 reliquis
626 3973 708 4042 copiis
736 3975 792 4029 auis
819 3975 854 4029 ad
877 3978 967 4030 castra
989 3976 1105 4030 Etrusca
1129 3976 1308 4045 proficiscitur
1332 3981 1492 4043 (tm-cort

329 4040 420 4095 Venus
442 4057 520 4096 arma
541 4057 558 4095 a
577 4040 695 4096 Vulcano
718 4042 792 4097 sacta
815 4042 903 4097 defert
925 4043 960 4097 ad
984 4043 1080 4107 lilium,
1125 4045 1154 4098 ui
1172 4060 1212 4108 ea,
1230 4044 1363 4113 imprimis
1383 4047 1491 4116 clipeum,

328 4108 368 4188 in·
385 4124 437 4187 quo
465 4125 507 4163 res
525 4109 661 4164 Romanae
678 4126 695 4163 a
713 4110 825 4165 Romulo
844 4114 872 4164 ct
890 4110 974 4175 Remo
991 4126 1076 4181 usque
1093 4060 1128 4167 ad
1145 4113 1300 4182 Augustum
1320 4113 1425 4172 effictae
1441 4128 1491 4168 con·

328 4177 487 4246 spreruntur,
506 4177 646 4233 nonsatis
663 4180 755 4247 potest
773 4178 866 4232 mirari
882 4181 1056 4248 (tot-uara
