3359 5725
551 582 781 648 AXNEIDOS
803 584 885 649 LIB.
908 585 949 650 X.
1267 597 1327 657 353

152 742 207 805 Tu
229 742 309 806 mihi
332 764 417 806 nunc
438 766 482 830 pu
530 768 569 811 ao
591 750 755 835 princeps,
776 758 812 812 tu
833 750 896 813 rite
918 752 1117 838 propinques

150 824 338 909 Augurium
360 826 485 914 Phrygi
511 851 611 928 usque
633 830 722 895 adsis
745 831 837 917 pede,
861 830 948 917 diva,
972 833 1147 900 secundo.“
1276 849 1326 898 255

152 907 298 972 Tantum
321 908 445 974 effatus.
487 910 531 975 Et
552 921 677 977 interea
698 913 847 978 revoluta
867 914 984 980 ruebat

150 989 286 1055 Matura
306 991 371 1056 iarn
393 990 466 1058 luce
488 992 558 1059 dies
580 1006 771 1081 noctemque
792 998 941 1081 fugarat:

150 1074 322 1160 Principio
344 1076 440 1140 sociis
463 1075 570 1160 edicit,
593 1079 687 1164 signa
710 1092 887 1167 sequantur

149 1157 261 1245 Atque
283 1157 409 1222 animos
432 1168 545 1246 aptent
568 1161 669 1225 arinis
690 1185 884 1250 pugnaeque
906 1173 1024 1251 parent
1045 1188 1089 1230 se.

149 1240 287 1327 Iamque
309 1242 342 1303 in
365 1253 542 1328 conspectu
563 1243 708 1310 Teucros
732 1244 829 1309 babet
852 1256 883 1310 et
905 1270 965 1312 sua
986 1257 1104 1326 castra,
1278 1263 1327 1314 loo

151 1324 252 1387 Stans
274 1322 362 1388 celsa
383 1325 417 1388 in
438 1326 552 1412 puppi,
574 1325 714 1414 clipeum
738 1327 815 1393 dum
837 1328 958 1394 deinde
980 1332 1113 1395 sinistra

151 1527 364 1539 ..u-n—

150 1676 208 1729 loco
236 1691 290 1729 non
318 1676 369 1740 est,
400 1675 470 1744 quod
498 1683 587 1730 mistos
608 1678 649 1730 act
663 1677 761 1731 limina
778 1676 998 1758 interpretemur:
1029 1685 1128 1746 custos,
1156 1682 1203 1752 qui
1232 1681 1327 1736 limiua

151 1741 298 1806 custodiat,
326 1758 394 1812 qnae
411 1744 480 1797 mita
498 1747 569 1798 essct
586 1744 747 1814 tautologia,
767 1744 815 1798 scd
832 1745 991 1815 simpliciter
1008 1749 1156 1818 significat:
1185 1753 1275 1803 custos
1292 1751 1327 1804 ad

150 1811 246 1864 limina
263 1809 418 1863 collocatus.
437 1842 469 1849 —-
487 1808 551 1872 254,
606 1830 715 1880 aynae
728 1813 904 1883 princeps,
922 1815 1009 1883 prinis
1026 1816 1060 1870 ad
1080 1832 1198 1896 pugnam
1216 1834 1259 1870 me
1277 1817 1325 1870 ini-

150 1879 239 1947 pellis.
278 1877 378 1931 Walef.
409 1894 440 1932 er
458 1895 510 1932 nno
528 1830 600 1935 Cori.)
612 1880 664 1933 Ios.
681 1881 715 1933 ob
733 1880 883 1934 suaviorem
901 1898 995 1936 sonum
1014 1885 1143 1953 praetulit
1161 1902 1232 1938 nunc
1248 1886 1326 1954 prin-

150 1963 213 2016 ccps
238 1962 357 2014 pupieno.
393 1945 543 2015 Conington
573 1947 677 2001 confert
694 1947 747 2002 Cio.
766 1947 800 2002 ad
817 1949 878 2002 Att.
896 1948 933 2012 Π,
955 1954 976 2003 1.
1003 1955 1039 2018 (tc
1054 1952 1190 2020 signifero
1207 1959 1233 2005 ct
1245 1953 1327 2021 prin-

151 2015 222 2084 cipe)
242 2015 271 2066 et
290 2013 418 2093 Verr.·V,
440 2017 479 2068 16.
513 2017 617 2080 (discam
637 2023 661 2068 te
672 2016 882 2085 principesque
895 2019 1049 2136 fficicbcrc).
1069 2049 1100 2058 -
1119 2028 1152 2072 tu
1182 2019 1328 2141 pregiu-

150 2099 230 2202 qucc
260 2098 450 2148 augurium:
480 2081 541 2136 luc
567 2082 610 2135 tac
629 2086 766 2137 ostentum
784 2082 835 2137 hoc
853 2100 897 2137 nia
931 2102 958 2139 rc
976 2088 1100 2140 eventum
1119 2103 1197 2141 suurn
1220 2087 1256 2140 ha
1275 2090 1327 2151 eat,

161 2165 201 2212 ac,
224 2151 337 2202 eventus
349 2149 450 2202 ostenti
462 2148 534 2202 hand
546 2150 625 2218 louge
638 2150 718 2203 absit.
738 2150 778 2204 CI.
792 2151 875 2205 ctiam
888 2169 919 2205 su
940 2152 1016 2214 rull,
1028 2158 1086 2208 691.
1100 2185 1130 2193 -
1139 2155 1218 2215 rite,
1233 2155 1326 2219 ntlll,

151 2220 190 2270 36.
228 2215 324 2284 Wegn.
355 2218 493 2283 comparat
510 2216 590 2287 Soph.
609 2217 706 2273 Trach.
726 2221 784 2272 823.
812 2222 857 2271 καὶ
883 2169 946 2271 uid’
964 2221 1077 2290 ὀρθῶς
1097 2221 1210 2292 ἔμπεδα
1228 2239 1328 2275 κατου-

149 2289 228 2349 picei.
249 2312 279 2321 -
295 2285 380 2353 pede
398 2286 553 2338 cccrcudo.
590 2285 650 2341 Vid.
668 2284 743 2350 VIII,
763 2290 820 2340 302.
840 2289 868 2340 et
885 2285 990 2342 adnott.
1011 2288 1046 2341 ad
1063 2287 1159 2344 Geul
1191 2291 1230 2341 ll.
1261 2289 1327 2343 Aen.

150 2352 203 2415 III,
224 2354 283 2404 529.
301 2355 329 2405 et
346 2350 392 2419 IV,
410 2355 451 2405 45.
488 2351 555 2405 Cnin
586 2355 645 2406 toto
672 2351 731 2406 loco
749 2351 901 2422 Coniugton
919 2354 1033 2408 conferri
1052 2355 1128 2410 iubet
1146 2329 1224 2408 lieni.
1242 2355 1275 2408 11.
1293 2355 1327 2415 X,

150 2423 199 2472 isi
219 2435 278 2488 sqq.
299 2449 326 2456 -
345 2418 379 2469 V.
397 2415 454 2480 256
473 2436 530 2489 sqq.
562 2419 702 2488 vulgarem
728 2420 982 2500 iuterpnnctionem‚
1014 2437 1082 2491 qnae
1111 2422 1176 2477 haec
1206 2425 1263 2475 est:
1295 2422 1326 2475 Τ.

149 2487 266 2555 effatua-
295 2493 321 2539 ct
337 2486 443 2540 interea
460 2516 471 2527 -
489 2517 501 2528 ·
519 2517 530 2527 -
546 2488 672 2567 fugarat.
707 2487 855 2557 Piiaczpr'o
873 2490 938 2541 cett.
958 2503 1017 2541 cum
1039 2488 1133 2557 Wagn.
1154 2489 1326 2550 mutavimus,

148 2555 189 2608 ita
207 2555 240 2607 ut
258 2554 338 2607 verba
350 2553 497 2623 Praecipio
515 2555 600 2608 sociis
616 2555 700 2608 cumi
716 2554 846 2624 apodosin
864 2554 1021 2608 contineant
1033 2555 1153 2609 illorum:
1173 2556 1212 2608 Et
1224 2556 1328 2609 interca

151 2624 219 2675 cett.
256 2619 527 2683 ci.adn0it.ad11‚
548 2625 604 2677 isi.
640 2622 727 2688 lehn,
769 2638 913 2692 namqnam
933 2621 962 2674 iii
980 2624 1106 2677 contextu
1125 2622 1266 2691 vulgatam
1285 2639 1328 2676 ra·

151 2691 254 2742 tionem
284 2688 408 2752 servavit,
440 2689 474 2743 ad
492 2689 526 2756 X,
547 2694 605 2743 465.
637 2691 727 2743 tamen
750 2638 845 2744 iocum
869 2690 907 2743 sic
925 2689 1133 2758 intelligendum
1152 2707 1210 2744 esse
1228 2696 1327 2744 censet:

151 2758 221 2810 Cum
253 2757 360 2809 tantuin
391 2755 488 2810 effatus
518 2760 598 2836 osset²
630 2761 658 2811 et
687 2757 791 2812 interea
817 2758 926 2812 ruberet
943 2756 1000 2811 dies
1018 2760 1178 2828 noctemque
1196 2757 1328 2826 fugasset:

151 2823 239 2895 princi
260 2822 285 2877 io
304 2823 382 2877 sociis
400 2823 489 2878 edicIt.
509 2825 600 2879 Ceteri
618 2841 709 2881 omues
726 2824 843 2881 editores
861 2825 939 2880 nobis
957 2826 1118 2894 posteriores
1137 2828 1245 2895 praeter
1262 2825 1330 2893 Bry-

151 2909 230 2946 cenni
338 2892 376 2945 cri
405 2893 537 2947 rationem
567 2894 653 2947 secuti
685 2897 748 2947 snnt
771 2897 945 2973 (quamquain
964 2893 1116 2963 Conington
1137 2893 1196 2948 coll.
1215 2892 1328 2946 intrav.

153 2965 214 3014 eii.
234 2960 262 3012 ct
321 2963 404 3020 ‚oin
435 2960 560 3027 proclivis
590 2963 633 3014 eat
656 2961 691 3015 ad
708 2961 796 3015 Iahnii
813 2962 944 3015 rationem
964 2961 1150 3028 probandam).
1185 2960 1228 3014 CI.
1247 2959 1329 3013 etiaiu

152 3028 189 3092 ΙΙ,
211 3030 258 3080 801
281 3043 340 3096 sqq.
359 3057 384 3065 ·
414 3028 553 3082 Tantum
580 3033 728 3097 effatus.
763 3028 824 3082 Vid.
854 3029 890 3081 ad
907 3028 943 3093 11,
962 3033 1018 3082 690.
1038 3030 1067 3081 et
1084 3029 1131 3091 ix,
1150 3030 1207 3080 636.
1228 3055 1258 3065 -
1277 3043 1328 3079 rc·

152 3095 273 3148 coliata
302 3095 432 3161 ruebat,
461 3096 647 3152 revolvebatur
686 3094 801 3151 redibat.
837 3095 878 3148 cl.
898 3095 935 3156 ll,
960 3098 1018 3149 250.
1047 3095 1094 3156 VI,
1115 3098 1172 3148 539.
1193 3093 1221 3147 et
1237 3093 1328 3146 Heius.

152 3163 188 3216 erl
210 3161 270 3215 Val.
289 3161 330 3214 Pl.
348 3162 370 3224 Ι,
390 3166 446 3217 iiii),
482 3162 609 3216 Ribbeck.
647 3136 706 3215 i‘al.
727 3179 796 3215 ain.
816 3178 866 3215 sec.
886 3164 915 3215 et
932 3161 1003 3215 Cud.
1022 3161 1137 3230 vestigia
1154 3162 1272 3239 secutus,
1302 3160 1329 3212 iii

171 3247 206 3283 no
225 3230 333 3281 ruebat
361 3228 469 3296 legitur,
500 3231 601 3299 recepil
614 3203 761 3283 lectionem
780 3231 902 3292 rubebat,
932 3229 1004 3298 qnod
1022 3229 1120 3296 probat
1136 3244 1205 3281 nnus
1223 3228 1329 3281 Ditcen.

152 3248 171 3353 il.
190 3297 208 3349 l.
249 3337 255 3348 .
277 3300 316 3349 17.
333 3295 393 3350 coll.
411 3295 468 3350 loco
488 3298 554 3351 Aen.
572 3297 623 3363 III,
643 3300 700 3351 521.
731 3296 820 3350 Ceteri
838 3312 930 3350 omnes
948 3295 1033 3349 Codd.
1055 3299 1083 3349 et
1100 3295 1172 3349 Serv.
1190 3294 1329 3363 vulgarem

153 3314 322 3433 scripiuram
340 3365 460 3427 tuentur,
511 3381 573 3419 nain
599 3364 681 3418 otiam
699 3363 781 3418 ceteri
799 3363 915 3417 editores
933 3362 1077 3417 Ribbecliio
1094 3363 1256 3432 posteriores
1273 3362 1330 3416 inre

154 3438 308 3486 servarunt.
330 3462 359 3470 -
378 3429 443 3493 257.
510 3439 620 3487 atara
638 3433 726 3499 luce,
745 3431 851 3495 adulto,
869 3430 948 3499 pleno
966 3431 1018 3485 die.
1036 3463 1069 3471 -
1086 3438 1210 3485 noctem
1221 3434 1330 3500 supa-

153 3508 218 3554 ναι.
254 3499 296 3552 Cf.
314 3499 346 3564 V,
365 3503 405 3553 42.
437 3498 502 3553 Clam
526 3501 619 3570 primo
649 3501 744 3553 atellw
761 3500 872 3552 Oriente
888 3500 1002 3567 superat
1020 3497 1107 3553 Clara
1123 3499 1229 3553 diceet
1246 3496 1330 3551 Culex

156 3572 197 3622 ⁴3.
216 3567 343 3620 macras
359 3568 473 3621 Aurora
489 3569 612 3637 fugarat.
630 3597 663 3605 -
682 3564 747 3628 258.
766 3568 884 3634 edicit,
903 3567 1000 3634 siqua
1018 3574 1211 3634 aequantur,
1229 3568 1260 3619 ut
1277 3565 1327 3628 111,

155 3639 214 3690 234.
228 3634 320 3688 Sociis
337 3641 407 3699 tecue,
425 3652 505 3688 nenia
522 3654 556 3689 cc
576 3642 673 3698 casam,
694 3634 797 3689 Edico.
814 3634 904 3702 Siqua
920 3635 1012 3689 autem
1030 3633 1072 3688 hic
1090 3650 1143 3687 non
1161 3650 1219 3687 esse
1234 3632 1331 3687 vexilla
1345 3652 1347 3654 ’

156 3702 240 3773 (qnod
258 3702 354 3772 Heyn„
384 3702 488 3759 Peerlli.
510 3705 537 3757 et
552 3653 709 3771 Conington
727 3704 865 3782 statuunt)
894 3718 943 3781 per
960 3717 989 3756 se
1003 3703 1090 3822 ἕκτα,
1120 3717 1180 3781 cnm
1198 3699 1286 3754 adhuc
1303 3700 1330 3779 iu

155 3771 272 3825 navibus
301 3774 442 3825 versentur
471 3771 535 3825 socii
554 3771 658 3825 Aeneae
690 3773 717 3823 et
744 3786 772 3824 in
802 3770 976 3839 sequentibus
1021 3785 1111 3822 einum
1129 3784 1232 3822 animos
1250 3784 1331 3821 armis

155 3837 546 3975 Itilerdlttltlidblss
564 3837 895 3959 ‘eblanditi‘
922 3838 1333 3970 '’meditulliutfflttil’t}

156 3924 332 4035 arniie,pI.
352 3990 373 4027 e.
392 3945 521 4027 adiiciant
540 3973 613 4026 interi
629 3988 711 4042 osque
729 3972 848 4027 habeant
866 3970 957 4024 arinis.
993 3970 1090 4038 Wagn.
1108 3970 1248 4034 memorat,
1275 3967 1332 4045 fore

157 4040 275 4095 fortasse
306 4041 352 4119 qni
369 4042 457 4110 Atque
487 4058 605 4094 nicona
634 4048 728 4111 aptent
757 4039 890 4158 mitum
907 4037 1000 4116 malitj
1031 4035 1079 4115 sed
1096 4038 1187 4089 tutnin
1206 4036 1241 4088 ab
1260 4050 1333 4086 oinui

158 4107 320 4163 emendandi
337 4111 433 4163 conatu
451 4108 583 4177 praestari
602 4113 709 4187 poetam
726 4107 785 4160 loco
829 4108 929 4159 notoria
946 4105 1018 4171 apii.
1036 4102 1114 4158 Iliad.
1133 4120 1158 4157 v.
1179 4105 1235 4157 155.
1254 4118 1334 4155 amia

155 4176 263 4246 parari
278 4176 347 4229 Dae
364 4177 444 4242 iethet,
466 4185 495 4230 nt
523 4193 546 4229 ic
564 4193 670 4229 animoa
687 4174 784 4245 aptari
798 4181 823 4227 ct
838 4179 952 4252 pectora
967 4186 1084 4250 puqriqe.
1118 4169 1161 4224 cf.
1183 4170 1266 4224 etiam
1283 4168 1332 4234 xl,

163 4248 202 4298 18.
235 4246 264 4296 et
293 4243 326 4310 X,
356 4246 413 4297 588.
433 4274 463 4282 -
485 4195 549 4303 2qust
580 4243 664 4296 Poeta
693 4258 764 4295 nnnc
793 4240 863 4294 redit
891 4239 926 4294 ad
955 4241 1136 4294 narrationem
1164 4254 1188 4292 v.
1210 4242 1265 4291 145.
1287 4237 1335 4289 ab·

158 4315 277 4431 inqtam.
305 4341 330 4349 -
359 4311 462 4364 babel
493 4327 541 4432 qis
571 4312 695 4377 babebat,
723 4309 793 4379 qnod
823 4324 869 4362 eis
888 4310 1017 4362 ectamns.
1052 4305 1105 4360 Sed
1134 4321 1195 4360 vere
1225 4304 1332 4358 Ladew.

159 4378 218 4434 col,
248 4378 316 4433 locis
335 4377 357 4446 Ι,
377 4383 433 4432 534.
466 4379 491 4431 Il
510 4419 516 4444 ,
535 4381 584 4431 356
610 4394 669 4447 sqq.
696 4376 752 4430 Cic.
771 4375 840 4430 Phil.
889 4378 956 4442 ,29,
974 4377 1016 4429 37.
1044 4374 1102 4428 Liv.
1125 4374 1173 4435 iv,
1191 4376 1233 4434 32,
1255 4377 1275 4425 t.
1307 4372 1335 4421 et

159 4445 259 4512 XXVI,
282 4449 322 4511 is,
341 4449 365 4499 6.
384 4449 406 4499 t.
426 4446 512 4511 docet,
544 4448 660 4515 poetam,
690 4444 733 4498 cui
750 4444 804 4498 iani
822 4442 950 4497 scribenti
968 4444 1116 4502 succurrat,
1142 4441 1257 4495 alteram
1274 4452 1334 4490 sen·

160 4513 263 4567 tentiae
292 4514 398 4582 partein
428 4514 555 4584 (clipeum
581 4513 687 4578 anaclet)
712 4512 865 4581 graviorem
892 4526 950 4564 esse
977 4509 1064 4577 priore
1085 4510 1208 4578 (lamque
1224 4508 1254 4558 iri
1270 4521 1335 4558 eon-
1427 4521 1434 4532 ·

159 4590 252 4651 cpccm
270 4581 351 4634 babet
368 4581 440 4646 etc),
470 4598 498 4635 re
518 4582 580 4635 ente
596 4580 718 4634 deserere
736 4579 858 4634 sedatam
878 4577 1006 4632 narrandi
1024 4576 1156 4630 rationein
1174 4578 1202 4628 et
1219 4573 1256 4625 sic
1274 4587 1334 4639 pcr-

159 4664 231 4768 gqre,
263 4649 338 4769 actsi
356 4598 521 4773 pqiqslillth
536 4649 685 4769 niembrqm
703 4649 738 4728 ut
753 4645 912 4726 secundaria
926 4644 1132 4766 scqntffitia52qer
1148 4642 1188 4695 lin
1210 4639 1335 4759 editum·

160 4733 316 4853 cqapqsgqn.
338 4759 494 4836 aancano
524 4731 647 4837 diduri?
666 4732 892 4849 qqdiosgqugpq
910 4783 959 4833 242
978 4796 1016 4849 sq.
1047 4778 1125 4832 Iahn.
1144 4777 1234 4844 (quem
1250 4770 1334 4825 Tbiel

161 4852 295 4922 sequitur)
311 4850 403 4904 locum
423 4850 461 4903 sic
479 4848 614 4903 ffisbnxst:
634 4878 646 4888 ·
664 4878 676 4889 -
694 4850 723 4903 in
736 4849 838 4920 pappi.
876 4847 1001 4917 Clipeam
1020 4863 1080 4899 eum
1099 4845 1125 4897 d.
1143 4859 1166 4894 a.
1184 4840 1219 4893 E.
1237 4842 1336 4920 qrclcu-

161 4926 227 4974 tcm:
258 4919 408 4975 clamorem
437 4920 516 4980 cett.;
552 4917 599 4970 sed
627 4919 699 4971 recte
728 4915 868 4986 vulgarem
897 4915 1030 4969 rationem
1059 4907 1200 4966 defendere
1230 4907 1337 4962 videtur

163 4987 257 5059 Wagn,
287 4990 381 5056 (quem
409 4985 490 5038 ceteri
517 4987 624 5053 praeter
642 4984 768 5038 Ribbeck.
789 4985 851 5053 post
867 4983 959 5053 puppi
974 4981 1089 5045 Puncta,
1118 4978 1181 5046 post
1198 4978 1337 5030 uertentem

218 5080 339 5142 mnia.
365 5077 437 5116 raas
457 5078 502 5117 111.
525 5078 570 5117 iiii.
592 5078 632 5116 iv.
1092 5058 1126 5108 23
