3359 5725
528 1504 1073 1601 PROOEMIUM

611 1695 801 1765 cultioris
824 1693 984 1762 trullas

507 1861 647 1917 nsuuo
672 1862 790 1918 rums
815 1858 1091 1916 sxscnrruuu.

298 2029 396 2109 Quod
424 2027 625 2098 Graecorum
651 2031 937 2117 Romanorumque
966 2032 1161 2116 scriptorum
1191 2022 1386 2090 editionibus

216 2110 323 2197 paullo
346 2112 525 2178 maioribus
547 2113 597 2179 his
611 2117 815 2203 potissimum
829 2114 1030 2201 temporibus
1053 2113 1258 2198 antiquarum
1280 2108 1387 2172 litera·

215 2218 284 2259 rum
306 2196 422 2259 studiis
437 2197 543 2261 minus
564 2198 748 2263 faventibus
761 2198 935 2263 admodum
953 2220 1028 2263 raro
1046 2197 1233 2277 contingere
1249 2190 1338 2269 solet,
1354 2199 1389 2253 ut

215 2278 331 2342 iterata
353 2301 432 2343 cura
459 2281 656 2366 repetendae
683 2284 761 2359 sint,
787 2282 821 2346 id
845 2282 1035 2367 Virgiliauis
1065 2275 1263 2344 carminibus
1290 2298 1310 2338 a
1334 2295 1386 2336 me

216 2370 289 2425 ante
313 2361 371 2427 hos
398 2362 570 2428 duodecim
601 2387 702 2431 annos
730 2366 872 2453 primum
903 2365 999 2430 editis
1026 2365 1091 2428 iam
1121 2360 1172 2425 bis
1202 2359 1388 2441 contigisse,

217 2453 264 2508 est
286 2467 365 2509 sane
387 2445 475 2532 quod
497 2445 582 2511 laeto
601 2459 760 2535 gratoque
782 2451 890 2515 animo
908 2446 1110 2536 praedicem3
1130 2465 1206 2508 nam
1227 2442 1323 2505 etiam
1344 2439 1387 2503 al-

217 2528 318 2592 terius
340 2528 491 2593 editionis
515 2532 655 2618 quinque
676 2531 795 2596 abhinc
821 2533 915 2596 annis
934 2534 967 2596 in
989 2528 1095 2594 lucem
1119 2527 1257 2591 emissae
1280 2545 1389 2587 exem·

219 2608 368 2695 pleribus
391 2612 541 2677 omnibus
564 2614 739 2680 divenditis
753 2617 818 2680 iam
842 2616 938 2680 tertia
962 2613 1165 2678 desideratur
1187 2607 1293 2674 editio.
1314 2607 1389 2691 lpse

217 2704 339 2776 autem,
368 2716 433 2781 quo
460 2695 514 2759 hic
541 2697 774 2845 ‹pualiscunque
800 2697 884 2763 liber
906 2721 986 2764 exce
1011 2708 1064 2762 tus
1085 2704 1151 2777 est,
1177 2693 1271 2757 favor
1293 2689 1389 2775 plano

217 2776 394 2863 singorlaris
416 2777 496 2843 mibi
519 2801 559 2844 ve
584 2780 705 2846 nolenti
725 2780 923 2868 persuadere
941 2720 1092 2862 debebat,
1115 2798 1246 2864 operam
1269 2777 1388 2838 incom-

241 2859 361 2926 arabili
384 2872 499 2949 poetae
519 2887 539 2929 a
561 2887 612 2929 me
634 2878 788 2931 navatam
811 2889 876 2930 non
899 2888 1033 2953 prorsus
1055 2884 1175 2928 vanam
1194 2869 1225 2924 et
1244 2854 1390 2923 inutilem

216 2884 314 3011 luisse
335 2968 471 3032 eamque
492 2948 600 3033 ipsam
621 2950 789 3031 rationem,
812 2972 910 3037 quam
931 2951 964 3014 iu
987 2944 1180 3012 adornanda
1200 2943 1263 3007 hac
1278 2940 1390 3005 editio·

216 3050 256 3093 ne
287 3036 416 3092 secutus
446 3051 527 3112 sum,
551 3034 700 3118 quamvis
727 3055 747 3096 a
768 3032 957 3097 censoribus
1002 3029 1175 3095 uibusdam
1197 3022 1306 3112 paullo
1331 3023 1391 3120 ini·

218 3110 386 3198 quioribus
411 3113 490 3177 satis
513 3114 630 3179 acerbe
651 3115 851 3202 reprehensa
874 3118 931 3196 sit,
961 3054 1034 3180 adria
1056 3123 1164 3176 tamen
1185 3109 1266 3173 viris
1289 3106 1391 3170 doctis

217 3217 280 3259 uon
296 3194 515 3279 improbatam
532 3219 603 3262 esse
626 3209 657 3262 et
674 3202 826 3263 iuvenum
846 3198 961 3263 studiis
979 3194 1169 3262 liberalibus
1188 3190 1391 3279 operantium

219 3278 389 3344 commodo
411 3280 459 3343 ita
481 3281 686 3359 satisfecisse,
709 3283 799 3346 utin
820 3280 1006 3369 repetendis
1018 3276 1215 3345 editionibus
1233 3274 1330 3361 plane
1348 3270 1389 3335 ab

218 3383 256 3425 ea
276 3360 430 3426 recedere
451 3384 516 3426 nou
536 3364 632 3430 modo
654 3388 718 3430 uon
739 3367 969 3447 necessarium,
985 3364 1043 3430 sed
1057 3359 1272 3426 inconsultum
1285 3354 1391 3419 videri

218 3442 367 3525 deberet,
390 3467 586 3594 quampuam
607 3449 640 3512 in
665 3471 746 3513 enue
769 3448 940 3535 profiteor,
978 3470 1047 3530 me,
1080 3447 1107 3511 si
1139 3465 1226 3508 nunc
1250 3441 1391 3527 primum

218 3526 299 3591 mihi
321 3526 466 3593 edendus
501 3531 603 3595 uisset
655 3531 800 3618 ugilius,
831 3531 930 3597 aliam
952 3533 1039 3597 viam
1062 3530 1218 3593 initurum
1241 3536 1272 3588 et
1293 3545 1392 3587 unum

217 3610 312 3675 modo
334 3609 538 3678 literatorum
560 3613 728 3680 hominum
749 3638 868 3701 genus,
892 3625 947 3679 aut
970 3616 1059 3679 viros
1082 3611 1177 3677 modo
1198 3612 1264 3674 iam
1287 3604 1392 3670 erudi-

124 3704 126 3714 '
217 3695 304 3757 tione
326 3707 475 3777 ornat0S,
507 3705 564 3762 aut
595 3698 680 3763 solos
701 3700 834 3763 iuvenes
863 3699 1030 3763 literarum
1058 3692 1304 3760 ediscendarum
1329 3700 1393 3752 stu·

218 3776 327 3841 diosos
351 3788 573 3865 spectaturum
593 3781 710 3864 fuisse,
737 3804 810 3847 cum
838 3782 919 3846 haec
947 3781 1045 3845 editio
1077 3780 1184 3865 potius
1201 3776 1275 3839 usui
1297 3794 1394 3859 quam

217 3860 360 3925 maxime
383 3864 545 3928 communi
560 3886 631 3929 esse
655 3865 797 3930 omnium
822 3888 863 3929 ue
877 3863 1058 3930 rationibus
1074 3858 1240 3926 consulere
1256 3857 1394 3936 studeat,

218 3966 320 4091 guare
339 3956 471 4032 praeter
492 3946 594 4011 multa
616 3948 789 4013 iuvenibus
801 3887 979 4014 literarum
1002 3946 1155 4012 studiosis
1172 3944 1304 4028 scripta,
1327 3941 1395 4027 qui-

240 4052 278 4091 us
295 4026 459 4093 doctiores
474 4029 611 4095 libenter
631 4042 774 4113 careant,
790 4031 879 4096 haud
902 4052 1008 4118 pauca
1030 4032 1127 4095 etiam
1148 4027 1299 4099 continet,
1313 4045 1396 4110 quae

217 4112 364 4176 virorum
387 4111 555 4178 doctorum
579 4116 734 4179 scientiae
761 4114 1008 4181 accommodata
1029 4113 1070 4178 ab
1095 4115 1246 4177 iuvenum
1267 4106 1395 4172 illorum

217 4204 319 4281 captu
348 4218 473 4282 usuque
506 4196 612 4263 aliena
634 4198 797 4264 censenda
819 4202 892 4263 sint.
937 4196 1118 4268 Consilium
1139 4196 1257 4280 igitur,
1278 4213 1342 4278 quo
1363 4191 1397 4253 in

216 4276 352 4363 Virgilii
374 4280 575 4345 carminibus
597 4281 731 4346 edendis
747 4281 863 4346 ductus
886 4304 967 4362 sum,
989 4303 1062 4345 cum
1081 4281 1178 4344 etism
1197 4279 1231 4342 in
1252 4276 1314 4340 hac
1336 4283 1397 4337 tcr-

217 4363 264 4425 tia
286 4359 430 4427 editione
453 4365 585 4429 omnino
607 4365 693 4429 idern
716 4367 882 4446 manserit,
906 4387 989 4451 opus
1012 4386 1088 4441 esse
1102 4362 1247 4436 videtur,
1266 4368 1301 4422 ut
1322 4365 1397 4420 ante

218 4445 328 4509 omnia
352 4468 436 4532 qnae
455 4445 497 4510 ad
520 4446 581 4511 hoc
608 4449 715 4534 ipsum
743 4448 914 4513 consilium
936 4445 1170 4512 declarandum
1195 4443 1327 4522 saciant,
1356 4462 1397 4502 ex

218 4527 365 4626 longiore
385 4530 514 4628 primae
537 4528 687 4596 editionis
710 4533 876 4617 prooemio
898 4540 1052 4617 repetam.
1096 4529 1135 4593 In
1156 4536 1205 4592 tot
1225 4525 1309 4590 enim
1325 4522 1397 4587 Vir·

219 4610 290 4696 gilii
317 4611 513 4677 editionibus
530 4611 746 4679 diversissimi
760 4616 890 4700 generis
913 4623 945 4678 et
965 4615 1084 4712 partim
1099 4610 1195 4677 laude
1211 4629 1283 4673 mea
1303 4605 1398 4692 longe

221 4695 446 4780 superioribus
476 4694 724 4762 desiderabatur
754 4707 861 4762 tamen
897 4696 996 4762 editio
1022 4720 1086 4761 non
1114 4695 1221 4773 uimis'j
1237 4691 1346 4777 ampla
1369 4698 1400 4753 et

220 4778 349 4842 modico
373 4779 480 4865 pretio
504 4779 672 4877 parabilis,
693 4803 776 4868 quae
801 4782 1034 4845 commentario
1057 4787 1215 4866 perpetuo
1238 4784 1269 4838 et
1290 4797 1399 4838 recen·

219 4859 358 4925 tioribus
376 4860 574 4947 elegantium
589 4863 756 4928 literarum
772 4863 972 4951 profectibus
986 4858 1229 4929 accommodato
1241 4859 1401 4922 instructa

220 4944 362 5030 optimas
383 4966 528 5030 quasque
547 4956 579 5011 et
598 4948 782 5035 cognitione
795 4947 1004 5034 dignissimas
1018 4947 1162 5032 priorum
1175 4942 1334 5007 editorum
1346 4941 1401 5005 ad·
