3359 5725
635 557 866 624 AENEIDOS
888 559 973 626 LIB.
994 558 1055 627 XI.

258 724 302 789 Ni
325 746 440 789 roseus
462 725 565 790 fessos
589 727 654 788 iarn
676 726 805 810 gurgite
827 725 978 791 Phoebus
997 724 1123 789 Hibero

258 807 407 893 Tinguat
427 829 528 895 equos
549 818 742 895 noctemque
762 808 814 872 die
835 808 964 874 labente
986 807 1131 872 reducat.

259 890 442 957 Considunt
465 892 583 956 eastris
605 900 680 956 ante
700 890 815 956 urbem
836 902 869 956 et
890 892 1020 957 moenia
1040 889 1173 955 vallant.
1383 903 1434 952 915

202 1179 203 1182 Ἰ
257 1167 444 1275 ΙιιιθΙΙίςειιίίἰΙ
468 1209 559 1261 autem
590 1210 654 1261 sunt
686 1208 746 1277 equi
778 1205 984 1261 adventantium
1022 1207 1152 1261 euitum.
1199 1207 1239 1261 Cf.
1273 1206 1356 1260 etiarn
1390 1221 1435 1259 su-

256 1290 307 1345 pra
323 1289 348 1328 v.
367 1278 423 1331 tot.
454 1274 517 1329 huie
541 1274 704 1329 simillimus.
740 1273 830 1328 Etiam
859 1273 903 1327 hie
933 1273 1000 1327 mini
1078 1275 1181 1328 entitur
1197 1274 1327 1339 Benoist.,
1358 1273 1434 1327 oblo-

260 1342 355 1411 quitur
388 1342 550 1411 Ooniugtou,
580 1359 676 1413 parum
705 1342 880 1422 probabiliter
910 1341 943 1395 de
972 1341 1048 1410 equis
1078 1342 1223 1397 aestuariis
1253 1339 1382 1410 cogitans.
1401 1370 1434 1381 -

258 1410 399 1477 ,jaceat
414 1439 426 1450 ·
445 1440 457 1450 -
476 1418 647 1481 temptent:
665 1410 798 1473 ini1ssent,
817 1411 982 1469 tentassent,
1000 1410 1028 1463 ni
1046 1410 1180 1473 tinxisset,
1199 1409 1226 1463 h.
1245 1426 1268 1465 e.
1287 1409 1433 1472 mersisset,

258 1493 343 1547 equos
360 1477 485 1532 Phoebus
502 1478 608 1533 Oeeano
637 1479 754 1540 oeeiduo,
786 1478 831 1548 qui
860 1477 934 1531 ultro
953 1477 1111 1547 Hispaniam
1128 1481 1233 1547 patet.“
1268 1477 1359 1546 Heya.
1393 1477 1433 1530 De

258 1561 311 1616 quo
331 1561 382 1598 usn
398 1545 553 1600 Praesentis
571 1548 600 1599 et
616 1545 772 1616 Imperfecti
791 1561 849 1599 rem
867 1545 982 1599 viridius
1000 1551 1141 1616 tamquam
1158 1549 1328 1615 praesentem
1346 1544 1434 1612 expri-

257 1613 358 1667 mentia
387 1613 415 1666 in
442 1613 523 1676 loeis,
552 1614 598 1668 nbi
626 1613 692 1667 Plus
711 1612 843 1681 uumperf.
874 1627 918 1666 exa
938 1617 1072 1678 eotaruns,
1104 1613 1137 1668 ef.
1167 1613 1271 1667 adnott.
1303 1612 1338 1665 ad
1366 1613 1433 1667 Aen.

257 1680 309 1745 111,
331 1684 385 1734 rat.
405 1680 467 1743 VII,
487 1685 543 1735 808.
574 1680 656 1735 Baoh.
675 1630 711 1734 ad
727 1680 892 1759 Osid3Met.
911 1630 1009 1759 Ιῖβθὸ.
1035 1681 1107 1735 idem
1127 1696 1159 1733 ue
1178 1680 1214 1735 ad
1231 1681 1289 1733 Tib.
1308 1680 1330 1741 1,
1350 1683 1374 1746 t,
1392 1683 1434 1732 22.

257 1779 291 1787 —-
309 1747 378 1801 Cum
407 1764 430 1801 v.
451 1746 514 1809 913.
536 1747 570 1801 et.
589 1748 652 1815 XII,
673 1752 737 1812 114,
767 1749 816 1801 ubr
838 1751 1003 1802 eontrarium
1022 1751 1079 1803 eat:
1190 1749 1312 1817 primum
1331 1747 1388 1800 alto
1405 1764 1435 1798 re

256 1817 365 1884 oargite
394 1816 493 1870 tollunt
512 1815 588 1870 Solis
664 1817 683 1869 i.
717 1815 823 1870 Peerlk.
843 1831 891 1884 pro
910 1832 1004 1869 reuersa
1019 1819 1127 1937 grueter
1144 1816 1227 1869 ullam
1245 1815 1434 1869 necessitatem

258 1884 328 1938 ooni.
345 1899 430 1947 seraa,
450 1882 509 1937 eoll.
528 1884 619 1938 Seueo.
664 1899 715 1937 ero.
734 1884 795 1939 Oet.
814 1886 873 1939 488.
893 1886 921 1936 et
937 1883 1003 1937 Silio
1045 1883 1077 1951 V,
1097 1887 1153 1938 224.
1175 1888 1232 1940 914.
1252 1913 1285 1921 —
1301 1884 1435 1951 yurqite

257 1950 399 2004 Hibero.
424 1950 575 2020 Conington
594 1951 698 2005 confert
714 1951 807 2006 quen.
826 1950 900 2013 xlv,
919 1953 976 2006 280.
995 1951 1136 2004 Herculeo
1154 1952 1310 2005 stridentem
1328 1950 1436 2019 quryite

258 2018 360 2073 Solem.
379 2048 412 2057 -
431 2018 493 2072 Tin
520 2027 608 2074 uate
635 2036 703 2072 uos.
738 2017 1209 2081 ct.Geo.1,246.11‚481.Luer.
1229 2016 1433 2081 V‚720.0vid.

258 2085 326 2140 Met.
346 2086 383 2149 ΙΙ,
405 2090 459 2142 172.
518 2131 523 2142 .
557 2087 619 2144 Hau
655 2086 737 2141 dubie
755 2086 872 2156 respexit
889 2085 960 2139 hune
977 2085 1067 2140 locum
1085 2087 1166 2141 Silius
1183 2087 1206 2152 Ι,
1226 2091 1283 2141 209.
1314 2086 1352 2139 sio
1369 2085 1434 2139 sori·

258 2155 339 2210 bens:
362 2154 416 2207 Ubi
429 2155 522 2220 fessus
571 2174 622 2208 uos
640 2154 722 2209 Titan
741 2155 863 2208 inmersit
879 2154 999 2208 artatae.
1017 2183 1050 2192 —
1067 2162 1260 2222 noctemque
1277 2184 1287 2192 -
1305 2183 1317 2193 ·
1335 2155 1436 2206 redu·

258 2230 321 2277 cat.
357 2222 493 2275 utnon
512 2223 545 2276 Il.
588 2223 637 2286 ΠΙ,
657 2225 714 2277 485.
749 2222 825 2276 ldem
854 2220 969 2286 Peerlk.‚
1003 2221 1058 2291 qni,
1089 2221 1150 2275 coll.
1180 2222 1198 2276 S
1271 2237 1316 2275 ero
1343 2220 1376 2274 de
1407 2237 1435 2275 re

257 2292 331 2359 poet.
351 2307 376 2358 p.
395 2294 452 2344 754.
493 2290 586 2344 haeret
615 2292 642 2343 in
672 2289 789 2344 dictione
807 2288 858 2343 Sol
879 2296 983 2342 noeoem
1009 2291 1123 2352 reducit,
1154 2222 1376 2357 wnffoctiw
1394 2316 1406 2328 ·
1423 2317 1435 2328 ·

256 2359 377 2411 recedat.
413 2330 466 2411 Sed
498 2357 592 2427 quidni
609 2357 654 2438 Sol
685 2356 806 2410 occidens
833 2356 991 2434 diei'possit
1007 2359 1114 2436 noctem
1132 2355 1268 2436 reducere,
1286 2355 1435 2475 'infrimis

257 2442 321 2479 eum
350 2424 486 2479 addantur
504 2428 585 2480 verba
601 2427 648 2479 dre
663 2425 788 2478 lubente!
822 2424 951 2544 &imm
968 2439 1019 2477 nox
1037 2422 1116 2486 diem,
1135 2423 1246 2493 rdeoque
1266 2422 1323 2476 dies
1352 2423 1435 2476 abens

257 2511 279 2547 s.
301 2493 349 2547 Sol
367 2492 489 2547 oeeidens
507 2497 613 2548 noctem
632 2493 710 2562 quasi
726 2496 788 2562 post
806 2508 834 2545 ae
873 2490 929 2544 neit
946 2492 975 2544 et
992 2491 1112 2559 qnotidie
1130 2490 1242 2545 reducit
