3359 5725
599 573 754 639 CULEX
777 598 806 641 v.
830 579 1002 644 305-319.
1308 582 1367 644 eur

199 737 294 818 Quae
315 737 435 803 Troiae
455 736 569 803 videre
589 740 653 805 viri
674 738 850 828 videreque
872 738 964 823 Grai,
1319 754 1369 802 305

199 821 342 886 Teucria
362 843 435 886 curn
456 832 745 921 magnomanaret
766 824 926 910 sanguine
946 823 1041 889 tellus

198 903 243 968 Et
264 904 383 970 Simois
406 903 594 991 Xanthique
614 905 720 1004 bquor
742 905 905 991 Sigeaque
927 916 1061 992 propter

198 987 321 1069 Litora,
344 1008 417 1051 cum
441 986 547 1052 Troas
570 1011 660 1053 seevr
682 986 775 1052 ducis
795 989 947 1053 Hectoris
967 990 1018 1053 ira

198 1069 320 1134 Videre
341 1071 375 1134 in
396 1069 517 1135 classes
538 1071 671 1136 inimica
688 1081 796 1135 mente
816 1070 976 1156 Pelasgas

197 1151 351 1234 Volnera,
372 1152 447 1235 tela,
467 1175 573 1231 neces,
595 1155 687 1239 ignes
709 1153 830 1220 inferre
850 1163 993 1240 paratos.

197 1235 212 1298 l
239 1258 275 1301 se
297 1237 381 1322 iugis
404 1258 544 1322 namque
564 1235 625 1301 Ida
647 1245 762 1323 petens
782 1236 1018 1321 frondentibus,
1044 1239 1117 1325 ipsa

198 1258 261 1384 lla
281 1320 369 1384 faces
393 1318 492 1383 altrix
514 1318 642 1407 cupidis
665 1318 847 1406 praebebat
866 1319 1016 1403 alumnis,

199 1401 313 1467 Omnis
333 1411 370 1466 ut
390 1403 424 1466 in
447 1403 572 1467 cineres
593 1402 730 1467 Rhoetei
751 1401 857 1468 litoris
879 1425 938 1468 ora

199 1482 369 1550 Classibus
393 1482 551 1549 ambustis
571 1485 704 1550 flamme
724 1484 886 1571 flagrante
908 1485 1050 1553 daretur.

196 1566 285 1631 Hinc
307 1576 378 1631 erat
399 1568 568 1653 oppositas
590 1576 685 1633 conto
708 1567 919 1634 Telamonius
941 1569 1047 1646 heros}

199 1648 401 1736 Obiectoque
424 1647 525 1713 debat
547 1649 651 1737 clipeo
675 1653 869 1736 certamine,
892 1660 924 1717 et
945 1652 1035 1717 illinc

197 1732 320 1797 Hector
343 1742 423 1813 erat,
446 1732 565 1797 Troiae
586 1756 745 1799 summum
768 1733 879 1818 decus,
900 1772 943 1781 —
964 1757 1039 1801 acer
1060 1744 1204 1822 uterque,

197 1812 401 1879 Fulminibus
424 1814 514 1880 caelo
537 1815 636 1880 veluti
657 1817 709 1881 fra
733 1839 770 1881 or
792 1818 898 1884 editus
920 1819 1050 1906 ingens,
1070 1855 1112 1866 -

196 1895 333 1983 Ignibus
353 1896 408 1962 hic
428 1897 566 1986 telisque
588 1922 694 1986 asper,
710 1839 759 1988 ἵει
781 1900 941 1967 classibus
963 1900 1084 1986 Argos]

198 2084 406 2094 ——-——-.-

197 2195 299 2262 belli,
313 2199 350 2277 ‘ut
369 2198 433 2253 alibi
451 2198 546 2320 lup-pia
563 2200 635 2265 belli,
656 2201 802 2256 discordia
815 2219 927 2271 paenae
947 2203 975 2255 et
990 2201 1099 2282 similia.
1115 2231 1148 2240 -
1166 2199 1231 2261 305,
1258 2216 1372 2278 moyere

195 2280 378 2386 tetrus
391 2264 875 2402 tituletietltrut’tl
887 2270 989 2392 iiiiii.
1008 2286 1078 2399 tl:
1099 2268 1203 2390 etit:
1221 2265 1371 2389 ,ittet

195 2400 262 2452 Aen.
282 2400 315 2460 V,
334 2403 392 2453 248.
412 2400 460 2464 IX,
480 2404 538 2455 265.
555 2401 589 2468 X,
608 2406 666 2456 549.
693 2403 783 2457 Etiam
801 2404 963 2458 recentiores
980 2404 1057 2458 editt.
1074 2423 1120 2457 ma
1157 2423 1174 2457 o
1192 2403 1370 2457 retinuerunt.

195 2495 228 2505 -
249 2465 281 2519 V.
298 2465 362 2527 307.
397 2467 482 2536 Heyn.
501 2469 540 2522 sio
557 2469 694 2524 distinxit:
713 2499 725 2510 -
746 2499 758 2510 -
776 2470 936 2540 Xanthique
964 2471 1073 2549 liquori
1132 2471 1240 2539 'paupere
1260 2475 1372 2539 praeter

196 2533 386 2614 latero-oum
408 2537 470 2603 etc,
501 2536 548 2591 sed
564 2540 637 2591 recte
655 2536 744 2606 Sillig.
763 2537 881 2591 mutavit
904 2538 1157 2606 interpunctronem
1189 2538 1234 2607 qui
1259 2543 1372 2605 praeter

195 2600 361 2655 Adverbrnm
389 2600 473 2657 habet
494 2603 588 2657 eadem
609 2605 713 2659 ratione
731 2608 900 2672 usurpatum,
930 2621 982 2674 qua
999 2621 1023 2658 v.
1042 2608 1101 2659 295.
1119 2612 1224 2670 cenea,
1254 2606 1286 2657 ut
1310 2603 1372 2682 ipsa

195 2668 277 2723 litora
294 2668 466 2724 circumiecta
483 2670 593 2725 videant
610 2672 727 2726 eaedem.
750 2671 806 2725 Nos
818 2687 890 2726 nune
901 2688 962 2727 cum
974 2672 1101 2753 Hauptiu
1114 2672 1193 2726 Ribb.
1207 2675 1235 2726 et
1246 2672 1373 2725 Benouto

195 2736 853 2862 ttttttftittthttstulti
873 2742 1307 2863 tttlttltte’tttt
1325 2737 1373 2858 al⁰

195 2872 229 2926 de
248 2872 369 2941 Sipeio
385 2875 476 2928 autem
496 2847 663 2929 litor’s'dai
679 2874 714 2928 ad
731 2876 798 2930 Aen.
815 2848 853 2936 11⁹,
872 2846 930 2930 ³12⁸.
950 2905 980 2915 -
1000 2846 1114 2944 308⁸sd.
1147 2852 1213 2929 Cum
1232 2845 1373 2942 Iieyniaud

195 2939 320 3005 lectione,
350 2955 432 3010 qnam
460 2945 602 2995 contextus
625 2941 742 3009 exhibet,
772 2942 799 2995 in
814 2942 953 3022 plerisque
971 2942 1145 2997 consentiunt
1161 2941 1260 3010 Silligii
1278 2940 1372 3001 eodo..

195 3008 243 3077 qni
259 3009 359 3072 minen,
378 3023 427 3076 pro
445 3008 492 3061 iro
508 3025 539 3064 ex
559 3009 626 3063 coni.
645 3010 791 3064 restituens
807 3027 889 3072 arom,
915 3011 944 3063 in
960 3010 1059 3064 ceteris
1076 3009 1142 3064 Cod.
1164 3009 1279 3064 Helmst.
1298 3007 1373 3077 sequi

194 3078 338 3145 totumque
354 3075 443 3130 locum
463 3076 501 3130 sio
521 3076 651 3145 reingere
669 3077 760 3131 malit:
780 3094 840 3130 eum
858 3077 951 3131 Troos
967 3078 1044 3131 soavi
1059 3078 1140 3131 ἀιισίι
1153 3076 1284 3154 Heeteajie
1301 3077 1374 3154 irem

200 3144 278 3197 Vidit
294 3151 319 3197 et
336 3144 366 3196 ιἰι
383 3144 484 3197 cloccas
503 3144 615 3198 inimico
635 3152 718 3198 mente
730 3143 867 3212 Peloepas
885 3148 946 3211 eto,
964 3147 997 3198 ut
1016 3146 1107 3198 Troae
1124 3145 1161 3199 sit
1178 3144 1286 3198 Nomrn.
1298 3144 1373 3210 Srng.

214 3228 244 3266 ro
263 3211 353 3265 Troia
369 3210 485 3280 positus,
514 3211 619 3279 Copula
638 3214 728 3265 autem
747 3219 780 3274 et,
802 3211 901 3265 omisso
920 3212 1082 3266 Pronomine
1102 3228 1170 3279 eum,
1187 3213 1241 3265 vim
1260 3210 1373 3279 explica·

194 3228 279 3334 ilvam
308 3277 418 3332 habeat.
454 3278 627 3333 Recentiores
656 3279 775 3333 editores
802 3282 944 3333 servarunt
970 3279 1139 3348 Heyniannm
1167 3278 1319 3334 lectionem.
1341 3307 1375 3317 -

195 3345 255 3407 311.
288 3345 377 3415 Vulgo
390 3352 511 3415 petens
529 3346 662 3412 feritatis,
691 3347 747 3400 eti
778 3363 828 3410 so,
859 3347 929 3417 qnod
966 3363 1010 3401 ro:
1041 3346 1159 3402 ferarum
1178 3350 1282 3417 potens,
1312 3345 1328 3400 i.
1349 3362 1372 3399 e.

194 3414 288 3494 μήτηρ
306 3417 414 3483 θηρῶν.
444 3413 547 3493 dietum
570 3417 678 3494 putant.
713 3364 801 3482 suda.
819 3417 911 3483 (quem
931 3364 1015 3469 edam
1032 3415 1194 3495 posteriores
1214 3430 1242 3469 se
1262 3414 1373 3478 cuntur)

196 3431 1277 3619 aad1sme³eneerse0eelsr2⁰llo
1297 3480 1377 3617 tui

195 3617 251 3671 iam
263 3616 354 3674 Heius.
369 3631 401 3669 ex
415 3615 569 3671 coniectura
582 3617 800 3739 restitueratpro
812 3617 887 3687 vulg.
898 3621 940 3673 Ae
997 3658 1004 3687 ,
1016 3618 1153 3674 invenitur
1163 3618 1245 3673 etiam
1257 3615 1376 3671 inCodd.

195 3684 343 3749 Koeleraet
355 3684 433 3739 Voss.
451 3715 481 3724 -
500 3683 563 3745 313.
582 3684 730 3739 Rhoetei
763 3685 878 3741 iterio.
904 3687 938 3740 Vi
959 3686 1018 3741 .ad
1036 3686 1102 3742 Aen.
1115 3687 1166 3749 111,
1187 3690 1243 3741 108.
1262 3715 1295 3725 -
1313 3683 1375 3746 314.

197 3750 313 3806 Plurimi
331 3751 415 3809 Codd.
440 3752 592 3821 flamma
608 3752 778 3817 tamenne,
806 3753 879 3822 quod
896 3754 973 3809 Voss.
992 3754 1124 3809 reddidit:
1154 3756 1184 3808 ιἰι
1202 3754 1378 3823 trdpfeloder

196 3820 332 3882 Flectere,
361 3819 449 3899 Sillig.
467 3836 530 3875 vero
547 3822 688 3889 tamquam
707 3820 835 3874 audacius
854 3820 958 3876 dictum
974 3823 1081 3884 reiecit,
1101 3822 1158 3891 ipse
1175 3820 1318 3876 coniieiens
1335 3820 1377 3872 to·

196 3894 316 3948 carente,
334 3889 367 3940 nt
385 3888 478 3941 Heme.
497 3887 649 4009 populante
666 3887 709 3941 vel
727 3889 893 3957 crepitum
924 3890 1098 3942 in'oontextu
1115 3893 1207 3943 tamen
1225 3904 1284 3941 eum
1304 3886 1375 3955 Hey-
1411 3899 1470 3942 ⁴vt·
1524 3854 1546 3869 μ

197 3953 243 4009 nio
273 3953 393 4009 exhibuit
411 3955 507 4011 Bembr
546 3955 678 4010 eetionem
703 3955 820 4022 flamma
842 3963 997 4025 superacta
1033 3956 1089 4010 Nos
1107 3970 1178 4009 nuno
1196 3953 1375 4023 praetulimus

197 4022 313 4091 Hauptii
341 4024 370 4076 et
400 4026 548 4076 ceterorum
580 4022 758 4076 recentiorum
776 4021 855 4076 editt.
869 4024 1018 4090 flaqroete.
1037 4052 1071 4063 -
1089 4021 1152 4082 315.
1181 4022 1249 4076 Cum
1270 4037 1375 4100 oppo-

196 4090 435 4156 cumcontra,
455 4089 527 4159 quod
544 4088 629 4143 codd.
649 4088 784 4155 exhibent,
805 4089 930 4157 ingratus
948 4090 986 4143 sit
1003 4088 1185 4158 pleonasmus,
1217 4089 1375 4158 Hauptmm,
1430 4100 1432 4104 ’

196 4156 278 4211 Ribb.
307 4159 335 4212 et
351 4156 459 4212 Laden.
490 4158 600 4212 secutus
617 4172 677 4211 rece
695 4156 704 4209 i
722 4156 866 4211 Schraderi
883 4157 1063 4211 coniecturam
1086 4163 1174 4222 conto,
1206 4172 1274 4226 quae
1292 4156 1375 4212 etiam

197 4224 296 4279 melius
313 4224 458 4294 respondet
471 4241 516 4293 seq
538 4224 646 4281 .verbis
660 4174 766 4277 eliceto
784 4224 882 4293 clipeo.
910 4223 1028 4278 Benoist.
1047 4224 1160 4279 retinuit
1178 4231 1282 4297 coctae.
1305 4221 1376 4276 Con-

198 4300 243 4345 tue
271 4296 363 4347 antem
393 4308 442 4361 pro
470 4291 519 4347 has
568 4292 650 4345 etiam
668 4291 735 4346 Aen.
752 4291 801 4354 lx,
819 4296 877 4345 510.
896 4307 939 4361 ap.
957 4291 1053 4348 Silium
1070 4292 1128 4357 XV,
1148 4294 1205 4347 eet.
1225 4292 1286 4345 Tac.
1306 4291 1374 4344 Διιιι.

198 4360 246 4423 VI,
264 4362 304 4414 35.
322 4359 394 4414 Hist.
413 4361 435 4422 Ι,
454 4364 495 4415 44.
515 4360 552 4414 al.
570 4358 680 4427 legitur.
703 4390 734 4398 —
752 4358 815 4421 317.
841 4360 932 4414 Verba
947 4376 1027 4415 acer
1044 4368 1183 4430 uterque
1202 4387 1212 4396 ·
1230 4390 1243 4400 -
1260 4359 1376 4426 inpane

216 4427 383 4482 aranthetioe
401 4431 465 4482 sunt
483 4425 648 4496 accipienda,
667 4430 699 4480 ut
716 4443 740 4480 v.
761 4429 819 4481 318.
838 4428 926 4482 oratio
944 4426 1032 4483 denuo
1050 4431 1203 4483 resumatur
1216 4425 1376 4481 Pronomine

196 4444 252 4561 lie,
280 4495 314 4549 de
345 4511 399 4565 qna
425 4511 454 4550 re
484 4494 517 4549 ci.
538 4494 644 4548 adnott.
664 4495 698 4548 ad
715 4495 782 4549 Aen.
802 4494 834 4558 V,
856 4499 914 4549 706.
932 4528 966 4536 —
983 4495 1045 4557 318.
1076 4496 1144 4563 Quia
1162 4512 1209 4565 pro
1227 4493 1299 4572 vulg.
1318 4491 1375 4546 alto

197 4565 262 4632 post
296 4564 386 4616 editor
409 4562 437 4615 in
455 4562 580 4616 omnibns
598 4561 653 4615 fere
671 4561 755 4616 Codd.
774 4561 877 4630 legitur
894 4565 922 4616 ιἰι
940 4581 977 4625 ae,
1006 4563 1092 4633 Sillig.
1111 4563 1174 4617 inde
1191 4561 1256 4616 fecit
1273 4577 1375 4628 inperio,

198 4630 496 4754 electeus
512 4628 1377 4766 temeritateutilititatem

198 4795 211 4808 ·
231 4794 244 4807 ·
262 4794 274 4807 ·
294 4766 428 4833 exhibent,
460 4781 538 4835 quem
557 4765 682 4820 Ribbeck.
712 4765 751 4818 sie
780 4765 880 4833 expleri
909 4782 988 4836 posse
1006 4769 1109 4821 censet:
1141 4768 1244 4833 froqor
1271 4771 1334 4818 atro
1352 4770 1377 4819 et

199 4834 308 4889 corbine
338 4835 422 4889 obas.
440 4863 471 4873 -
491 4832 553 4894 319.
582 4833 640 4888 Silli
664 4874 670 4886 .
702 4849 732 4887 ex
750 4832 847 4902 Heynii
877 4834 946 4889 coni.
976 4834 1062 4888 edidit
1092 4834 1191 4903 telique
1207 4833 1305 4898 fierem
1346 4849 1375 4886 ro

200 4902 277 4971 vulg.
295 4903 407 4973 telisque
423 4919 517 4983 aupes,
532 4901 604 4982 quod
656 4900 726 4955 akei.
745 4918 775 4955 ex
793 4902 859 4956 Aen.
877 4895 938 4965 VII,
958 4905 1016 4957 462.
1036 4900 1177 4956 defendere
1195 4900 1295 4957 studet.
1320 4850 1375 4955 llos

202 4986 265 5026 curn
294 4970 415 5042 Hauptio
444 4985 600 5041 senpstmus
628 4986 725 5041 omer,
755 4968 826 5039 quod
854 4970 941 5041 magis
971 4968 1116 5039 respondet
1145 4969 1229 5025 Codd.
1258 4968 1375 5024 lectioni.
